1698 2837
437 73 490 125 D
525 89 557 124 E
594 90 630 124 D
669 88 690 122 1
731 88 758 122 c
795 89 829 122 A
869 87 902 122 T
946 88 963 119 1
1004 87 1052 122 o.

57 150 331 205 dummare
349 146 583 201 sollicitas
610 147 658 199 8<
685 143 1044 220 navigantibus
1071 139 1345 195 commoda
1370 139 1463 195 sta-

56 231 170 287 tuis,
182 227 230 280 &
244 230 347 293 ejus
364 229 432 276 rei
447 241 565 297 ergo
579 221 836 275 societates
851 219 1045 274 conflas
1061 219 1109 272 ὃ(
1120 217 1464 291 conglutinas,

56 300 178 355 dum
193 296 325 355 artes
340 316 542 373 quoque
556 296 821 350 sellularias
837 300 992 369 exigis
1012 339 1023 356 ‚
1058 296 1107 348 ὅ(
1121 291 1363 365 quidquid
1388 311 1463 345 ar-

56 392 182 450 gutae
193 395 370 430 manus
388 374 553 429 ufibus
571 372 837 425 hominum
853 386 1078 443 quaerunt
1090 414 1102 432 ‚
1141 368 1325 443 probas
1341 372 1467 421 inci-

57 451 224 523 tasque
241 494 252 513 ‚
280 448 580 524 comparasti
596 492 606 510 ,
621 462 678 500 ut
694 491 706 508 ‚
731 466 889 519 quum
903 451 1117 514 majores
1137 488 1148 507 ‚
1167 443 1401 513 justiores
1416 444 1467 497 ὃ(

53 527 293 587 utilioreS‚
306 521 663 602 splendidiores
679 524 727 576 ὅ(
741 522 1202 597 magnificentiores
1218 523 1467 593 erogatio-

53 620 146 656 nes
171 620 430 674 nunquam
455 599 593 653 1⁸21&ae
620 597 715 652 fint
730 642 741 660 ,
781 617 1037 670 nunquam
1065 613 1238 650 tamen
1265 611 1469 648 tantum

51 674 270 731 fueritin
286 676 498 751 publicis
512 675 698 731 viribus
716 718 727 735 ‚
758 692 1018 748 nunquam
1047 672 1111 728 sic
1137 670 1469 725 abundaverit

50 758 288 808 aerarium.
318 756 439 805 Haec
450 754 497 805 ὅ(
514 750 651 803 mille
667 749 777 810 alia,
791 767 898 820 quae
909 748 1136 821 quotidie
1151 753 1201 800 in
1214 746 1466 799 summam

52 846 159 880 rem
177 827 456 881 Galliarum
474 825 681 881 confilia
695 825 781 879 das
796 869 807 886 ‚
836 830 1021 899 accipis
1036 827 1246 897 imperia
1264 867 1275 884 ‚
1317 819 1463 875 audis

52 899 319 964 desideria,
348 901 582 975 expedire
598 920 655 953 ac
670 904 964 974 participare
982 918 1122 953 curas
1149 895 1211 950 de
1237 894 1355 950 satis
1382 909 1464 948 tot

48 975 441 1030 domesticorum
456 1021 467 1039 ‚
496 992 575 1029 tot
586 991 910 1028 externorum
925 973 1231 1049 populorum
1246 1015 1258 1033 ,
1284 990 1465 1043 parum

51 1052 142 1105 tibi
156 1052 312 1106 visum
329 1096 339 1113 ‚
365 1050 454 1104 nisi
470 1051 750 1106 &liberalia
767 1047 1027 1124 respiceres
1045 1093 1056 1111 ‚
1085 1051 1135 1103 ὃ(
1162 1067 1267 1100 non
1293 1051 1464 1100 minus

50 1131 293 1200 ingenuas
308 1145 461 1198 quam
477 1144 721 1179 manuum
737 1142 866 1179 artes
882 1131 932 1179 in
948 1141 996 1180 te
1012 1139 1466 1195 converteres‚pro-

49 1205 368 1273 vinciamque
384 1218 524 1255 tuam
540 1200 742 1256 faceres.
784 1202 894 1254 Nec
910 1199 1011 1255 fors
1028 1201 1111 1254 illa
1125 1199 1240 1260 fuit,
1281 1197 1363 1251 sed
1392 1201 1466 1250 in-

50 1275 237 1331 dustria
251 1276 470 1331 fatorum
486 1321 498 1338 ,
534 1276 614 1330 sed
643 1275 893 1330 manifesti
919 1282 1140 1330 numinis
1169 1272 1434 1327 instinffrus
1451 1316 1464 1335 ‚

50 1370 168 1406 cum
200 1357 549 1408 LUDovlcU
569 1372 592 1406 s
623 1357 1054 1406 ADEoDATus
1077 1396 1088 1413 ,
1117 1352 1464 1416 omniamajo-

51 1445 163 1479 rum
175 1426 403 1488 suorum,
438 1432 611 1481 omnia
637 1433 805 1482 omnis
833 1432 920 1481 aevi
945 1431 1176 1482 Heroum
1206 1443 1388 1498 magna
1414 1425 1465 1478 δε

52 1501 185 1554 bona
198 1503 430 1576 exempla
445 1503 661 1556 referens
678 1546 689 1562 ‚
719 1508 771 1556 in
787 1508 1095 1556 mentionem
1115 1499 1464 1555 Studiosorum

49 1575 173 1644 (hoc
186 1577 273 1638 est,
290 1577 419 1631 illius
437 1578 704 1630 hominum
718 1584 930 1651 generis,
942 1584 1043 1650 *qui
1061 1575 1239 1630 omisso
1256 1576 1369 1629 actu
1386 1594 1460 1628 re-

49 1670 163 1704 rum
180 1695 190 1711 ‚
217 1653 410 1706 ambitu
426 1669 620 1705 remoto
636 1697 646 1711 ‚
671 1658 890 1726 pecuniae
905 1658 996 1707 viis
1013 1652 1249 1726 negleffis
1267 1694 1277 1711 ,
1294 1656 1345 1703 in
1364 1650 1461 1702 stu-

51 1725 131 1780 dia
146 1726 243 1781 sese
258 1727 556 1781 abdiderunt
575 1771 585 1786 ,
599 1730 647 1781 ἃ
664 1726 712 1780 id
729 1744 899 1801 agunt,
915 1744 971 1780 ut
985 1727 1211 1801 praeclara
1226 1742 1457 1780 veterum

50 1806 254 1855 inventa
267 1807 447 1876 partim
462 1819 638 1857 eruant
652 1805 700 1855 8<
727 1807 777 1855 in
793 1802 877 1855 usu
886 1822 935 1854 m
963 1817 1203 1856 revocent
1220 1845 1232 1863 ,
1274 1805 1458 1873 partim

51 1893 265 1951 augeant
278 1876 710 1951 amplificentque)
737 1897 800 1930 ex
814 1877 1042 1930 serm'one
1056 1877 1278 1948 quodam
1304 1892 1357 1928 te
1373 1894 1456 1928 co-

50 1969 158 2003 ram
186 1951 454 2011 incideret,
493 1952 766 2022 dequeillis
782 1955 830 2005 ὃ(
857 1958 1069 2025 graviter
1094 1954 1302 2006 &acute
1316 1970 1456 2005 vere-

49 2025 413 2096 quejudicaret.
436 2026 572 2097 quod
587 2026 744 2100 ipsum
757 2027 1160 2081 mediocritatem
1174 2026 1389 2100 egressos
1406 2027 1456 2080 ὃ(

49 2102 180 2153 coelo
195 2107 450 2175 propiores
465 2100 967 2157 sensus'demonstrat.
1008 2105 1188 2174 Neque
1203 2107 1339 2154 enim
1355 2099 1456 2173 ple-

48 2174 144 2241 beji
161 2192 334 2249 captus
350 2175 421 2228 est
438 2192 525 2230 aut
538 2177 673 2250 vulgi
699 2177 838 2230 labiis
866 2176 1132 2231 innascitur
1156 2176 1306 2230 illud:
1338 2174 1468 2244 Nist

46 2249 351 2304 Alexander
361 2253 499 2318 effem
514 2295 524 2312 ,
539 2251 792 2326 ‘Diogenes
805 2256 940 2321 effem
950 2274 966 2305 .·
980 2254 1028 2306 ὃ(
1043 2253 1267 2307 Beatum
1276 2249 1458 2305 Achil-

50 2325 145 2378 lem
161 2368 171 2385 ‚
199 2343 290 2378 non
305 2327 477 2394 excisa
490 2323 652 2397 Trqja
667 2370 679 2387 ‚
705 2326 805 2395 fid
816 2328 1035 2382 Homero
1038 2340 1282 2401 praecone.
1334 2330 1452 2380 Ma-

50 2419 206 2472 gnum
222 2415 325 2453 erat
339 2416 482 2454 tanto
502 2400 671 2469 judice
685 2401 978 2474 praestabiles
996 2402 1189 2464 haberi,
1217 2420 1347 2474 quos
1373 2407 1449 2455 in-

49 2474 186 2530 docti
201 2474 343 2530 fimul
366 2479 416 2531 ὃ(
431 2474 493 2529 ad
509 2474 748 2548 quaestum
762 2475 897 2531 doc‘li
910 2497 1001 2552 pto
1027 2483 1211 2554 ineptis
1233 2480 1282 2535 ὅ(
1300 2476 1450 2530 male-

723 2595 751 2627 *
786 2572 821 2619 4
1250 2553 1455 2610 volente
