1649 2827
402 86 1117 154 Ac-rusII.SXc1⁴:NA'IL
1361 107 1448 154 575

109 167 158 210 In
171 163 271 210 urbe
284 163 361 209 hac
371 162 576 208 habitant:
608 175 697 206 tum
719 163 947 207 meretrices
971 163 1158 210 mulieres

110 226 322 288 Nusquam
335 225 596 287 perhibentur
608 224 836 269 blandiores
855 226 1053 286 gentium.

109 291 324 350 Propterea
336 289 432 334 huic
445 289 539 334 urbi
551 303 710 333 nomen
720 288 950 349 Epidamno
961 289 1135 334 inditum
1145 288 1200 334 est
1212 322 1228 342 ,

111 355 226 413 Qia
238 368 365 396 nemo
378 352 508 397 ferme
517 352 600 395 huc
614 350 697 395 fine
706 351 859 394 damno
874 353 1096 397 divortitur.

39 429 98 471 40
114 419 204 460 ΜΕ.
224 411 313 476 Ego
324 415 420 460 istuc
431 414 606 460 cavebo:
639 415 741 458 eedo
753 415 853 457 dum
866 412 970 457 mihi
982 414 1063 459 huc
1075 413 1333 478 marsupium.

112 478 229 523 Mes.
262 479 382 538 Qid
398 494 448 523 eo
460 479 544 524 vis?
580 480 673 522 ΜΕ.
689 475 852 538 jamabs
867 490 906 520 te
921 491 1065 523 metuo
1093 479 1142 523 de
1154 478 1283 524 verbis
1301 480 1394 525 tuis.

109 542 229 585 MEs.
260 542 375 604 Qid
397 542 541 586 metuis
565 552 578 586 Ξ
616 543 710 585 ΜΕ.
739 556 793 585 ne
809 538 917 584 mihi
936 539 1135 586 damnum
1156 543 1200 586 in
1221 542 1453 603 Epidamno

299 605 400 649 duis,

106 666 358 728 Tumagnus
367 681 523 711 amator
536 664 751 711 mulierum
767 681 831 717 es,
864 663 1094 714 Messenio:

110 730 199 790 Ego
213 745 348 774 autem
364 731 497 774 homo
509 730 720 774 iracundus
733 762 745 780 ,
772 730 898 774 animi
923 731 1077 790 perditi.

35 807 89 851 45
107 794 151 835 Id
177 807 378 853 utrunque
392 826 404 844 ,
439 806 651 854 argentum
664 794 832 853 quando
852 792 1039 846 habebo,
1071 809 1239 846 cavero,

109 856 230 900 Netu
244 855 456 917 delinquac
468 888 481 906 ‚
512 871 613 901 neve
627 871 706 916 ego
720 855 854 899 irascar
877 855 963 900 tibi.

109 922 223 963 Mes.
249 919 364 980 Cape
386 933 507 980 arque
520 917 647 970 serva,
679 934 746 964 me
759 919 924 963 lubente
937 918 1089 964 fecerisa

85 1039 135 1065 39.
161 1031 248 1074 cQuia
257 1043 335 1062 nemo
345 1033 441 1071 ferme
451 1030 657 1075 finedamno.]
671 1033 726 1075 Jo-
759 1031 841 1064 dum
857 1033 990 1074 proclivi
1015 1031 1153 1064 adimere
1180 1039 1320 1074 paratam
1341 1043 1450 1076 pecca-

35 1082 75 1105 σο
94 1075 216 1107 diorum
241 1076 284 1107 est
307 1078 478 1118 Epidamni
504 1087 627 1108 nomen
649 1078 720 1114 jun·
759 1084 834 1107 turo
858 1075 1059 1108 occationem
1077 1096 1087 1111 ‚
1122 1086 1224 1117 equam
1246 1077 1274 1107 ei
1289 1078 1357 1118 post
1373 1087 1446 1119 pec-

34 1119 123 1149 stum
133 1118 192 1150 effe
202 1129 238 1151 ex
257 1120 308 1151 Z'Jn*
328 1121 360 1151 ὅς
376 1121 533 1150 damnum:
555 1121 631 1161 quia
646 1121 723 1152 illuc
758 1128 866 1151 catum
888 1120 1031 1151 nimium
1054 1116 1149 1151 irasci.
1178 1121 1264 1150 Nam
1285 1121 1459 1153 iracundus

34 1171 136 1193 nemo
146 1162 210 1195 fere
221 1163 277 1194 nisi
289 1164 411 1194 damno
427 1162 494 1199 suc,
511 1163 662 1195 divertere
672 1162 721 1195 so·
760 1171 870 1194 natura
896 1164 929 1195 ὃ(
948 1163 1050 1194 animi
1065 1163 1178 1204 perditi
1197 1170 1262 1193 erat
1283 1165 1451 1196 Menaech-

32 1205 120 1236 leret.
147 1207 236 1247 quod
256 1216 356 1237 omen
385 1204 510 1248 fugiens
527 1207 663 1248 populus
681 1210 720 1238 R.
761 1216 845 1237 mus.
879 1208 993 1248 Neque
1012 1207 1102 1237 enim
1132 1207 1224 1236 animi
1248 1208 1370 1249 perciti,
1402 1209 1451 1239 le-

32 1248 720 1292 antiquum‚oppidorestituitDyrrachiino-
760 1248 903 1290 gendum
927 1250 991 1285 est,
1011 1249 1102 1291 quod
1131 1250 1200 1280 vult
1223 1249 1355 1291 Lipsius.
1383 1254 1454 1282 Per-

33 1302 121 1324 men.
146 1294 262 1323 Μαι-ετ.
759 1293 819 1322 dito
850 1296 946 1323 animo
976 1301 1030 1325 aut
1062 1293 1171 1333 perdite
1200 1292 1323 1334 aliquid
1353 1293 1453 1327 facete

78 1345 130 1371 45.
153 1334 390 1377 murramque]
404 1334 501 1367 Plane
512 1334 552 1367 ad
563 1345 637 1367 eum
648 1346 721 1367 mo·
758 1337 893 1372 dicitur,
913 1337 969 1379 qui
987 1337 1031 1368 ita
1047 1336 1085 1367 ab
1101 1333 1266 1367 affectibus
1283 1337 1451 1379 abripitur,

31 1378 112 1409 dum
129 1388 197 1420 quo
215 1380 362 1421 Agricola
377 1379 432 1410 ille
449 1378 532 1421 apud
549 1381 717 1417 Tacitum5
757 1386 792 1410 ut
810 1381 932 1411 rationi
948 1379 1078 1411 nullum
1097 1377 1255 1421 reliquisse
1274 1380 1384 1413 locum
1405 1382 1454 1413 vi-

31 1422 290 1465 Maluitpraeficere
300 1434 348 1452 non
353 1430 516 1466 peccaturos
531 1444 540 1458 ‚
565 1431 718 1466 quampu-
754 1422 873 1454 deatur.
901 1423 979 1454 Inde
997 1423 1134 1454 dicimus
1158 1443 1167 1457 ,
1197 1423 1310 1465 perdite
1332 1435 1453 1461 amne,

33 1465 111 1500 nire,
124 1466 340 1508 quipeccaffinr.
365 1466 458 1497 Haud
477 1466 567 1497 aliter
584 1466 635 1498 hie
648 1469 716 1498 Me-
751 1465 851 1503 irafii,
882 1467 996 1509 perdito
1019 1468 1115 1496 animo
1132 1465 1191 1504 ‘'ffi’·
1215 1468 1257 1496 Ut
1279 1467 1343 1499 hoc
1360 1468 1450 1500 loco.

31 1508 195 1541 naechmus
203 1510 326 1541 mavult
334 1506 573 1540 Meffenioniad
589 1519 716 1550 peccari·
755 1510 897 1539 Boxloorn.

212 1614 400 1660 Aeros
434 1616 704 1660 SECUND1
747 1616 935 1660 SCENA
968 1615 1268 1659 SECUNDA.

108 1715 448 1750 crrmmws,
488 1715 846 1746 MENAECHMUS
889 1712 1051 1748 soficles,
1084 1710 1377 1746 ΜΕεεΕΝισ.

193 1792 278 1834 Ene
291 1788 484 1834 obsonavi
495 1821 507 1840 ‚
539 1803 661 1849 atque
676 1805 726 1833 ex
739 1805 831 1833 mea
851 1786 1044 1833 sententia

193 1855 360 1896 Bonum
371 1866 621 1913 anteponam
636 1852 853 1913 prandium
868 1850 1134 1910 pransoribus,

37 1946 39 1949 <
103 1918 185 1962 Sed
198 1931 340 1961 eccum
353 1915 664 1959 Menaechmum
680 1915 812 1959 video.
842 1929 899 1959 vae
921 1928 1037 1975 tergo
1049 1911 1170 1959 meo!

104 1980 218 2024 Prius
235 1983 319 2039 jam
335 1978 511 2022 convivae
525 1976 737 2022 ambulant
747 1992 839 2022 ante
852 1977 1000 2021 ostium
1016 2008 1028 2026 ‚

62 2057 84 2099 5
104 2044 251 2102 Qam
263 2056 341 2102 ego
353 2039 553 2085 obsonaru
565 2041 700 2086 redeO.
731 2040 854 2084 adibo
874 2054 997 2098 arque
1015 2035 1208 2097 alloquar.

0 2104 3 2109 ’
105 2102 369 2148 Menaechme
385 2101 495 2148 salve.
527 2106 645 2148 Mes.
675 2102 733 2147 Di
753 2116 793 2145 te
805 2101 1013 2145 amabunt.
1045 2099 1115 2144 scis
1128 2101 1219 2160 quis
1238 2115 1318 2161 ego
1334 2100 1447 2147 sum?

105 2166 187 2211 CY.
206 2168 310 2211 Non
324 2166 455 2209 hercle
468 2180 564 2209 vero
579 2164 589 2210 l
621 2166 691 2208 ubi
704 2165 882 2208 convivae
896 2164 1024 2206 caeteti
1050 2175 1062 2208 ?
1277 2162 1359 2217 §1⁶2³ss
1376 2163 1447 2217 5333}

107 2230 200 2272 ΜΕ.
219 2230 345 2288 Qos
365 2242 408 2272 tu
422 2229 783 2287 convivasquaeris?
822 2225 899 2270 Cy.
927 2224 1140 2283 parasitum
1164 2238 1297 2268 tuum.

109 2292 197 2338 ME.
232 2292 378 2333 Meum
393 2287 631 2349 parafirum?
668 2303 772 2333 cette
785 2287 854 2331 hic
875 2285 1032 2332 insanus
1049 2287 1103 2332 est
1113 2287 1260 2332 homo.

6 2353 9 2368 ¹
40 2366 91 2397 10
111 2354 226 2396 Mes.
245 2352 490 2397 Dixtin’tibi
504 2351 582 2396 esse
602 2350 663 2395 hic
674 2349 935 2412 sycophantas
947 2350 1169 2412 plurimos?

108 2416 200 2459 ME.
225 2409 429 2474 Qemtu
450 2413 664 2477 parasltum
681 2428 844 2475 quaens,
877 2412 1127 2464 adolescen8‚
1157 2421 1362 2519 ωειὲτῑιὲΡ
1419 2469 1427 2479 ·

1274 2491 1309 2520 Υ.
1364 2487 1449 2516 em-
