1698 2837
281 21 335 84 58
635 19 1326 67 AMPHITRUONIS

337 97 451 133 Herus
466 99 577 137 meus,
589 94 757 131 moiestus
768 103 812 128 ne
823 90 896 128 fies.
923 93 1000 129 AM.
1020 93 1083 141 qui
1106 106 1191 131 cum
1202 96 1335 135 cubat?

280 161 283 163 ’
336 148 376 184 Μ
386 161 414 184 Ε.
443 148 536 184 Vide
547 159 590 184 ne
601 143 846 182 infortunium
858 155 1003 191 quaeras,
1014 144 1077 194 qui
1089 156 1148 182 me
1158 147 1205 183 fic
1216 148 1401 187 ludifices?
1477 192 1480 195 ,

334 201 415 236 ΑΜ.
435 199 506 236 Dic
516 196 644 248 quaeso,
658 193 827 232 miSofia.
856 196 933 232 ME.
945 195 1109 234 blandius
1120 210 1223 239 ‚cum
1236 199 1445 240 Alcumena.
1467 203 1544 241 AM.
1564 203 1603 242 in
1613 206 1678 244 coh

382 262 385 263 ⁷
508 251 639 286 demne

274 309 321 346 25
338 299 544 338 Cubiculo?
571 301 645 335 Με.
666 297 757 340 imo,
770 305 810 334 ut
821 296 998 343 arbitror,
1026 312 1175 352 corpore
1193 315 1320 354 corpus
1338 304 1494 343 incubat.
1523 308 1599 344 AM.
1623 321 1679 348 va:

506 349 634 387 misero
660 349 753 385 mihi
766 352 776 385 Ξ

336 406 411 441 ΜΕ.
441 402 558 439 Lucri’
568 401 607 442 st,
619 403 715 448 quod
728 401 910 439 miseriam
923 402 1079 453 deputat.
1106 417 1190 442 nam
1202 419 1352 444 uxorem
1364 407 1564 447 usurariam

332 454 480 492 Perinde
489 453 536 488 est
550 452 716 501 praebere,
728 465 767 490 ac
778 453 802 489 fi
814 466 943 503 agrum
962 454 1115 492 sterilem
1128 455 1337 495 fodiendum
1350 460 1450 498 loces.

330 504 522 543 AM.Sofia.
551 506 626 540 Me.
645 505 733 554 quid
745 505 881 542 malum
893 507 1015 543 Sofia?
1037 509 1114 544 AM.
1129 521 1202 550 non
1216 522 1275 546 me
1285 511 1413 548 novisti
1424 538 1434 554 ‚
1450 512 1623 551 verbero?

330 559 366 592 M
376 569 403 591 E.
418 555 520 592 Novi
531 563 565 591 te
576 553 770 593 hominem
784 558 1056 609 molestum,qui
1067 571 1110 596 ne
1128 572 1224 597 emas
1235 561 1410 612 litigium.
1424 564 1619 601 Am.adhuc

266 616 312 654 30
330 607 513 656 Amplius:
527 608 664 643 Nonne
675 620 743 658 ego
755 607 861 646 herus
870 609 950 646 sum
961 619 1043 648 tuus
1055 610 1278 661 Amphitruo
1293 613 1305 649 ἓ
1317 616 1355 649 Μ
1364 627 1393 650 ε.
1407 625 1447 651 tu
1458 615 1612 654 Bacchus
1622 629 1670 659 es,

326 659 430 694 Haud
442 657 677 707 Amphitruo.
706 661 845 710 quoties
855 661 924 708 tibi
935 661 1075 699 dierum
1089 664 1168 700 vis?
1197 676 1287 700 num
1300 665 1442 702 denuo?

326 711 427 746 Meus
439 708 662 760 Amphitruo
674 724 750 748 uno
762 712 933 750 cubiculo
945 713 1161 751 Alcmenam
1174 716 1367 764 complexu
1388 726 1497 755 tenet.

323 763 357 797 Si
368 773 505 812 pergas,
516 774 598 797 eum
613 761 673 799 hic
685 763 814 806 fistam,
828 776 942 813 neque
956 765 1029 802 fine
1039 776 1105 802 tuo
1117 779 1251 816 magno
1265 767 1372 804 malo.

289 807 292 811 ’
324 817 401 849 ΑΜ.
416 827 419 828 ⁷
431 813 550 863 Cupio
561 814 701 851 accerst.
732 817 873 853 utinam
886 828 931 852 ne
942 828 1008 865 pro
1020 816 1214 855 benefaffis
1234 818 1343 855 hodie
1354 819 1506 870 patriam
1517 847 1530 865 ,

259 875 306 913 35
324 864 456 905 AEdeis,
468 877 633 908 uxorem,
646 864 823 904 familiam
837 880 919 903 cum
933 868 1052 905 forma
1065 882 1135 907 una
1148 869 1339 919 perduam!

320 918 399 952 Mn.
427 916 615 953 Accersam
627 918 818 967 equidem:
846 918 904 955 sed
914 921 957 956 de
968 920 1105 958 foribus
1116 932 1155 958 tu
1167 923 1300 959 interea
1309 922 1350 959 fis
1361 922 1443 959 vide

317 973 345 1015 †
357 968 476 1016 Credo
487 968 559 1016 jam
573 982 652 1018 quae
666 969 809 1006 volebat
821 969 990 1009 sacrificia
1003 974 1043 1009 ad
1055 973 1203 1022 epulum
1217 974 1403 1010 conduxit.
1416 980 1443 1023 †

314 1020 352 1055 Si
364 1019 531 1057 molestus
543 1019 585 1056 fis
594 1047 604 1063 ,
632 1021 752 1059 evades
762 1033 951 1071 nunquam
963 1049 973 1065 ‚
1002 1025 1091 1074 quin
1104 1035 1137 1061 te
1156 1024 1377 1065 sacruficem.

296 1116 349 1143 24.
368 1107 507 1138 Blandus.
521 1106 538 1149 ]
557 1110 661 1149 Lego:
693 1107 827 1139 blandiris
838 1114 853 1139 ἓ
875 1122 941 1141 cum
1020 1111 1073 1147 2⁷9}
1093 1112 1160 1155 Qui
1169 1111 1233 1154 ne.]
1254 1111 1410 1147 Pofitum,
1419 1120 1486 1154 pto,
1499 1113 1561 1154 qui.
1575 1113 1662 1144 Nam

250 1150 499 1182 „Alcumenashoc
508 1149 614 1182 sensu:
627 1151 717 1183 Nihil
726 1162 811 1190 eram
823 1152 880 1184 tibi
891 1156 938 1185 ul·
976 1166 1009 1184 ne
1028 1156 1162 1196 παρέλκ4
1173 1176 1184 1190 ,
1212 1156 1246 1186 δι
1256 1163 1386 1186 ornatus
1405 1153 1504 1186 cauffa
1514 1155 1663 1187 additum

248 1202 294 1224 tta
303 1192 517 1235 responsuxuS‚
531 1193 581 1225 sed
591 1196 748 1235 quoniam
757 1196 837 1227 adeo
849 1195 936 1228 blan·
975 1197 1027 1229 est.
1054 1197 1189 1229 Lambin.

248 1236 288 1267 de
298 1246 350 1267 me
369 1238 560 1278 compellas,
582 1238 700 1269 iterum
717 1246 857 1279 repetam
867 1250 935 1282 quae
1016 1247 1066 1275 36.
1090 1245 1137 1271 De
1142 1240 1255 1279 foribus
1266 1247 1301 1270 tu
1312 1241 1417 1271 interea
1426 1241 1467 1282 fis
1479 1240 1557 1271 vide.
1570 1240 1587 1283 ]
1610 1243 1661 1273 De

245 1280 335 1316 dixiv3
354 1279 446 1310 cubat
454 1290 518 1309 cum
527 1281 715 1315 Alcumena,
735 1283 804 1317 Mi,
827 1291 933 1314 autem
971 1282 1096 1316 foribus
1108 1292 1142 1317 tu
1151 1286 1269 1317 interea
1280 1305 1290 1321 ,
1300 1283 1325 1315 fi
1336 1285 1398 1321 vis,
1408 1283 1543 1330 discedas
1554 1305 1565 1319 ι
1576 1283 1659 1319 vide.

245 1320 439 1360 blandientis
447 1321 570 1360 ess'e,vel
577 1325 667 1366 pueri
677 1329 930 1365 noruntfiruter.
970 1326 1109 1359 Lambin.

442 1434 849 1480 AMPHITRUO,
886 1438 1243 1485 BLEPHARO,
1278 1423 1457 1479 so'sm

427 1524 444 1560 Ι
471 1524 628 1562 vostram
655 1523 788 1562 fidem!
819 1526 1134 1579 quaeintemperiae
1153 1530 1311 1568 nostram
1332 1539 1441 1581 agunt
1451 1527 1655 1568 familiam!

587 1590 667 1628 quae
686 1588 779 1614 mira
1396 1592 1398 1594 ·

305 1629 445 1670 Video,
473 1629 664 1679 postquam
686 1628 842 1666 advenio
854 1635 1020 1682 peregre!
1049 1644 1134 1671 nam
1158 1634 1339 1678 veru’est,
1366 1633 1465 1686 quod
1484 1633 1577 1670 olim
1606 1631 1656 1671 est

479 1681 647 1717 auditum

302 1731 504 1768 Faburarier
514 1756 524 1771 ,
552 1740 712 1770 mutatos
723 1733 862 1772 Atticos
873 1736 912 1772 in
924 1736 1078 1773 Arcadia
1088 1736 1258 1773 homines
1268 1763 1279 1779 ‚

303 1784 349 1819 Et
360 1782 463 1819 saevas
473 1782 606 1820 belluas
617 1784 817 1821 manfitaffe
828 1812 837 1825 ‚
864 1799 928 1822 nec
950 1800 1111 1837 unquam
1125 1787 1245 1824 denuo
1256 1787 1461 1838 parentibus

263 1842 287 1879 5
305 1835 495 1884 Cognitos.
523 1835 588 1871 BL.
611 1835 698 1884 quid
712 1835 798 1873 illuc
810 1837 930 1874 Sofia?
958 1838 1206 1888 magnasunt,
1236 1852 1315 1890 quae
1416 1836 1650 1897 ff‘sss'sstmqffgffae}

475 1886 570 1922 mira
590 1886 768 1936 praedicas.
1411 1899 1490 1923 dms·

301 1936 386 1973 Ain’
396 1945 433 1972 tu
446 1937 598 1974 alterurn
611 1947 645 1975 te
655 1939 817 1989 reperisse
828 1939 930 1976 domi
943 1940 1173 1978 consimilem
1185 1942 1332 1980 Sofiam.

242 2022 248 2028 f
301 1989 364 2022 80.
393 1988 475 2037 Ajo.
506 1989 564 2026 sed
575 1989 661 2026 heus
673 1999 733 2031 tu,
762 2003 876 2041 quom
889 2004 958 2042 ego
976 1992 1133 2036 Sofiam,
1161 1993 1472 2044 Amphitruonem
1492 1998 1649 2048 Amphi-

307 2041 310 2043 ’
471 2048 552 2076 truo
569 2066 579 2081 ,
606 2042 693 2092 quid
710 2041 831 2081 scisan
1370 2080 1371 2084 ,

302 2089 360 2124 Tu
374 2088 468 2126 forte
478 2091 588 2129 alium
603 2092 865 2143 Blepharonem
878 2093 1017 2143 parias?
1035 2096 1058 2131 ὂ
1078 2096 1128 2132 Di
1148 2095 1281 2134 faciant
1295 2124 1305 2140 ‚
1319 2106 1360 2136 ut
1371 2109 1409 2136 tu
1420 2113 1566 2151 quoque

297 2141 628 2193 Concisuspugnis,
657 2150 696 2184 ὃς
713 2145 813 2182 illifis
832 2146 1018 2188 dentibus,
1045 2147 1084 2184 id
1100 2148 1300 2199 impransus
1463 2152 1642 2180 “hid-⁰¹³5&

465 2196 608 2233 creduas
1465 2182 1522 2211 mel,
1538 2183 1623 2215 εηῆις,
1637 2219 1650 2239 ᾗ

233 2253 245 2276 ¹
255 2254 276 2276 0
298 2244 396 2282 Nam
408 2256 488 2295 ege,
500 2246 562 2284 ille
571 2248 661 2285 alter
669 2248 764 2286 sofia
773 2275 783 2292 ,
795 2249 860 2299 qui
870 2248 945 2286 illic
955 2249 1047 2294 sum,
1060 2263 1120 2289 me
1132 2253 1233 2291 malis
1245 2254 1420 2293 mulcavit
1430 2257 1560 2295 modis·

1389 2311 1395 2313 ”
1459 2310 1525 2345 BL.
1539 2308 1634 2346 Mira

378 2364 409 2391 3.
429 2357 608 2402 Masatos]
630 2361 680 2394 De
697 2361 758 2395 hac
772 2372 805 2396 re
823 2362 936 2396 Plinius
953 2362 1038 2398 libro
1059 2373 1088 2399 8.
1109 2376 1168 2410 222

1459 2415 1636 2450 &Martia
