1649 2827
2 0 7 73 ἰ

0 77 5 177 ξ
44 134 51 141 .

1 216 4 260 5

0 329 6 396 g¹

1 1584 4 1611 ,ἰ
47 1578 278 1611 Theodofiano
300 1577 344 1610 est
369 1578 558 1618 interfhctum
577 1580 737 1620 negotium.

5 1647 6 1650 η
45 1622 93 1656 ita
101 1622 301 1665 Aristophan.
313 1621 351 1653 «τὸ
364 1622 493 1662 ηξύξλιο
505 1645 515 1660 ,
525 1622 649 1655 ’τέθνηκέ
670 1635 738 1663 μοι,

0 1679 3 1706 j
47 1676 105 1707 pro
125 1666 438 1709 ufimws-ay,fa5tum
447 1667 494 1706 est,
509 1667 607 1710 periit.
621 1666 738 1700 easau-

2 2402 4 2405 ·
48 2390 83 2425 &
90 2391 109 2424 ὲ
117 2401 190 2424 cato
199 2392 334 2425 homine
342 2402 449 2435 togate
462 2396 495 2427 &
506 2404 624 2438 optate.
643 2396 732 2425 Tum

362 66 1133 118 Aca-vsmscnnxm.
1376 77 1466 138 587

121 147 197 193 PE.
215 148 322 194 Non
332 146 398 192 me
409 144 583 192 novisti?
615 144 708 188 ME.
727 159 816 191 non
829 161 994 208 negem,
1011 143 1040 192 fi
1055 147 1256 196 noverim.

122 211 194 262 PE.
217 210 503 264 Menaechrne‚
535 205 664 270 vigila.
701 210 792 254 ME.
816 209 940 271 vigilo
959 209 1095 257 hercle
1115 214 1337 273 equidem,
1354 217 1470 278 quod

304 272 437 318 sciam.

48 349 107 391 40
123 337 188 385 PE.
212 337 354 383 Tuum
367 333 585 382 Parasitum
597 350 685 380 non
696 334 864 382 novisti?
900 337 991 384 ME.
1017 354 1107 383 non
1119 337 1196 385 tibi

120 403 271 445 Sanum
284 399 354 452 est,
366 397 609 451 adolescens,
618 396 811 460 synciput,
820 412 864 443 ut
872 399 1080 463 intellego.

118 463 184 511 PE'.
213 461 433 524 Responde
445 496 457 514 ‚
488 461 743 525 suttipuistin'
756 465 875 507 uxori
889 477 966 507 tuae

118 526 269 571 Pallam
289 527 411 572 istanc
425 526 551 572 hodie
563 561 574 579 ‚
601 541 725 587 atque
738 525 877 570 dedisti
890 526 1052 573 Erotio?

118 592 207 638 ME.
230 592 381 652 Neque
393 590 526 635 hercle
539 605 620 652 ego
634 605 812 635 uxorem
829 588 980 640 habe0,
997 606 1133 652 neque
1143 608 1221 655 ego
1232 595 1375 640 Erotio

45 660 98 706 45
115 653 241 704 Dedi,
255 670 331 700 nec
339 653 484 715 pallam
498 653 675 714 surripui.
706 653 774 701 PE.
794 651 904 697 fitin’
913 651 1029 699 sanus
1043 667 1111 701 es?

120 715 265 761 Occisa
279 718 334 762 est
348 718 432 761 haec
447 733 519 762 res.
552 732 642 760 non
658 732 737 778 ego
749 730 788 760 te
800 716 994 762 indutum
1005 717 1115 763 foras

118 781 241 826 Exite
252 783 330 826 vidi
343 780 470 844 pallei?
506 782 595 828 ME.
619 795 676 824 vae
689 780 808 840 capiti
818 778 917 826 tuo!

118 844 285 889 Omnes
298 845 474 889 cinaedos
484 841 560 888 effe
574 840 711 893 censes
722 876 735 895 ‚
766 857 811 888 tu
821 844 913 905 quia
925 859 980 890 es·

118 906 234 951 Tnn’
244 924 313 952 me
322 907 514 953 indutum
527 905 639 952 fuisse
649 906 796 969 pallam
809 907 1022 969 praedicas?

51 976 73 1018 5
78 978 105 1007 0
118 971 187 1016 PE.
216 972 305 1033 Ego
320 969 455 1016 hercle
466 986 578 1017 veto,
616 974 707 1016 ME.
730 987 819 1015 non
837 984 882 1014 tu
897 971 983 1016 abis
995 989 1081 1035 quo
1094 970 1241 1035 dignus
1254 985 1321 1021 es?

114 1033 203 1079 Aut
211 1047 251 1078 te
261 1034 358 1095 piati
380 1034 496 1095 jubes
510 1067 522 1087 ‚
554 1032 979 1081 homoinfiniffume?

112 1098 182 1142 PE.
202 1099 435 1159 Nunquam
446 1098 597 1160 edepol
607 1113 675 1142 me
684 1095 898 1159 quisquam
912 1096 1119 1150 exorabit,
1152 1100 1256 1161 quin
1270 1113 1349 1147 tuae

113 1161 252 1209 Uxori
262 1176 350 1205 rem
371 1178 544 1207 omnem
568 1164 651 1222 jam
662 1194 676 1213 ‚
706 1164 764 1206 uti
775 1160 823 1206 fit
842 1161 950 1223 gesta
963 1194 975 1214 ,
1000 1161 1187 1225 eloquar.

116 1225 283 1270 Omnes
294 1224 336 1268 in
345 1239 385 1269 te
395 1224 500 1269 istaec
527 1225 709 1270 recident
719 1223 980 1270 contumeliae
994 1242 1005 1271 :

43 1301 68 1347 5
77 1301 97 1346 5
112 1288 226 1332 Faxo
243 1288 351 1331 haud
363 1288 539 1333 inultum
552 1289 769 1349 prandium
781 1290 1021 1333 comedetis.

115 1353 208 1398 ΜΕ.
235 1351 349 1415 Qid
362 1349 447 1395 hoc
461 1353 619 1413 negotii
637 1352 693 1397 est
715 1365 729 1399 ἓ
759 1345 867 1396 satin’
882 1365 927 1397 nt
948 1368 1162 1416 quemque
1174 1351 1411 1417 conspicor,

103 1417 168 1459 Ita
182 1431 250 1459 me
262 1412 473 1459 ludificant
490 1426 503 1460 Ξ
529 1414 597 1460 sed
609 1415 847 1478 concrepuit
859 1415 1023 1462 ostium.

89 1496 145 1527 46.
177 1492 274 1531 Occifh
290 1490 325 1529 est
342 1490 584 1533 haeres.]1³e1iit
599 1491 664 1524 hoc
683 1503 738 1534 ne-

779 1499 921 1524 tatorem
946 1492 999 1525 hic
1021 1493 1266 1536 interpretatur:
1291 1491 1474 1525 Lambinus

45 1536 191 1577 gotium.
211 1538 307 1578 Capt.
332 1533 390 1565 ast.
410 1543 440 1569 3.
461 1544 493 1571 4.
527 1537 576 1566 Ita
600 1536 634 1567 in
652 1537 738 1570 Cod.

779 1537 917 1568 mollem
937 1536 971 1568 ὅ(
989 1537 1212 1579 impudicum,
1232 1538 1372 1580 &quem
1383 1534 1473 1579 supra

779 1591 804 1610 1.
818 1591 850 1611 2.
869 1581 1052 1611 Catamitum
1069 1580 1193 1612 dixerit.

822 1629 872 1661 56.
909 1625 1010 1655 Satine
1030 1631 1068 1653 ut
1090 1634 1273 1666 quemquam
1296 1620 1471 1664 conspicor]

778 1668 868 1711 Qid
892 1667 924 1699 id
941 1669 984 1699 rei
1004 1667 1046 1699 est
1059 1689 1070 1704 ,
1102 1666 1213 1699 satisne
1232 1665 1356 1698 delusus
1372 1663 1466 1696 sum!

779 1713 956 1754 Qotquot
967 1711 1097 1743 obviam
1108 1711 1191 1742 mihi
1200 1711 1333 1741 veniunt
1343 1730 1353 1743 ,
1373 1708 1457 1740 ludi-

776 1754 885 1792 ficant,
896 1754 1039 1787 ludibtio
1050 1754 1180 1786 habent.
1204 1752 1392 1784 Boxhornius.

47 1709 322 1797 hezil-stimma]
341 1753 509 1787 Turnebus
522 1753 663 1786 Cinadum
679 1752 737 1787 sal-

278 1840 478 1886 ACTus
523 1840 740 1889 TERT11
781 1843 983 1888 SCENA
1023 1842 1268 1886 TERTIA.

341 1927 623 1963 ANCILLA,
664 1927 1031 1959 MENAECHMUS
1062 1923 1205 1957 soficles.

241 1980 463 2026 Enaechrne
474 1996 609 2027 amare
618 1982 671 2026 ait
684 1995 724 2026 te
736 1981 912 2026 multum
925 1982 1113 2025 Erotium
1129 2011 1142 2028 ,

92 2089 95 2102 ,Α
242 2045 302 2092 Ut
315 2043 399 2088 hoc
410 2059 521 2089 nunc
531 2045 614 2089 un&
626 2044 751 2105 oper&
761 2045 810 2088 ad
820 2043 1026 2089 aurificem
1038 2041 1210 2094 deferas,

108 2104 249 2167 Atque
261 2107 355 2151 huic
365 2122 410 2152 ut
420 2108 542 2152 addas
551 2108 635 2152 auri
643 2108 791 2167 pondo
801 2108 964 2151 unciam
975 2138 989 2157 ,

98 2167 325 2232 Jubeasque
333 2167 511 2234 spinther
523 2186 682 2216 novum
694 2169 1033 2219 reconcinnarier.
1417 2229 1448 2273 E

1302 2231 1393 2282 ΜΕ.
1450 2239 1469 2273 t

777 2308 874 2341 etiarn
886 2307 1278 2350 vetetesinterpretantur‚
1298 2315 1330 2339 at
1343 2304 1418 2339 vers.
1436 2312 1468 2338 ε.

774 2352 908 2397 Spiqther
930 2352 963 2382 ὃ(
986 2351 1104 2382 armilla
1121 2348 1286 2383 differunt.
1315 2350 1467 2393 Spinthet

775 2405 841 2426 non
850 2394 1034 2437 simplicitet
1043 2394 1203 2427 armillam
1221 2394 1396 2438 fignificat,
1414 2391 1468 2425 sed

773 2438 953 2473 estatmillae
960 2436 1092 2482 species,
1113 2445 1151 2473 ut
1166 2438 1464 2512 intexpxetaturstl-‘e-

1410 2488 1466 2515 us.

48 2311 77 2338 1.
91 2304 273 2385 AMare
294 2305 341 2336 ait
356 2312 385 2339 te
400 2308 537 2339 multum
559 2306 730 2349 Erotium]

186 2349 257 2385 Hic,
266 2360 375 2387 amare,
385 2352 428 2383 est
440 2359 586 2384 amanter
595 2351 708 2395 ptecati
715 2370 725 2383 ‚

89 2444 122 2473 4·
145 2435 291 2481 Spinther.
304 2435 322 2480 ]
333 2437 481 2483 Spinthex
494 2449 597 2483 genus
603 2438 735 2477 armillae
