1649 2827
197 65 292 117 354
574 45 1224 100 Mos‘rnrritnntl.

253 126 641 179 Meludificatusest.
674 130 768 176 ΤΚ.
787 129 894 174 bene
905 127 1040 173 hercle
1067 125 1244 181 faetum,
1265 132 1310 175 &
1322 128 1477 176 fastum
1488 143 1584 192 gau-

430 195 524 237 deo.

248 254 277 302 S
291 254 332 301 A
341 256 372 300 P
382 254 464 302 ER
477 256 510 300 E
540 255 598 301 IS
608 255 651 300 T
664 253 705 299 A
718 254 757 300 C
788 267 902 300 aetate
928 264 1114 315 oportet,
1142 252 1213 313 qui
1235 251 1323 299 sunt
1347 253 1477 316 capite
1490 270 1582 301 can-

427 317 539 361 dido.

249 379 345 426 Ta.
364 379 489 439 Qid
499 393 579 440 ego
591 395 704 427 nunc
714 379 857 427 faciam
867 412 880 433 ‚
904 378 934 425 fi
945 376 1097 424 amicus
1106 377 1323 441 Demipho
1337 411 1350 433 ,
1370 393 1435 425 aut
1447 379 1585 426 Philo·
1621 379 1628 381 “

426 442 565 488 uides?

248 503 338 551 ΤΕ.
355 503 499 549 Dicito
507 505 553 548 iis
563 536 577 556 ,
608 520 697 566 quo
709 504 830 566 pacsto
843 517 933 550 tuus
943 519 982 550 te
994 502 1125 549 servos
1137 501 1414 550 ludificaverit:

179 580 235 625 30
249 568 460 628 Optumas
472 565 744 614 frustrationes
756 567 910 613 dederis
923 569 964 612 in
977 567 1224 622 Comoedijs.

247 629 337 675 CA.
364 630 479 674 Tace
497 646 713 693 parumper
729 647 741 676 ε
786 628 871 677 fine
898 629 1068 677 vicissim
1103 645 1173 675 rne
1198 629 1314 692 loqui
1340 646 1352 675 ε
1404 628 1586 677 ausculta..

425 693 516 736 ΤΚ.
541 692 646 738 licet.

248 755 335 801 CA.
357 755 570 801 Omnium
583 758 766 818 primum
775 753 952 800 sodalem
962 770 1028 800 me
1044 753 1125 801 esse
1134 754 1205 801 scis
1214 766 1340 815 gnato
1352 766 1438 799 tuo.
1507 788 1514 807 ,-

242 819 262 862 1
268 835 286 863 s
296 817 390 862 adiit
402 833 470 862 me
482 837 495 873 3
526 834 623 864 nam
634 818 748 864 illum
760 819 923 879 prodire
933 820 1058 881 pudet
1069 819 1113 863 in
1120 817 1387 879 eonspectum
1408 830 1549 872 tuum,

247 881 464 942 Propterea
474 897 564 943 quae
575 881 682 933 fecit,
695 883 790 943 quia
801 895 841 926 te
852 878 945 926 scire
956 881 1036 927 scit.
1068 897 1181 927 nunc
1193 896 1233 926 te
1244 878 1413 925 obsecro
1422 910 1438 931 ‚

178 958 198 1001 3
210 962 231 1004 5
247 943 429 988 Stultitiae
438 942 790 1006 adolescentiaeque
802 948 886 1006 ejus
896 941 1079 1005 ignoscas
1092 976 1105 996 ‚
1138 957 1229 990 tuus
1240 943 1308 989 est.

244 1006 328 1051 Scis
336 1006 460 1051 solete
471 1004 589 1053 illanc
599 1021 758 1053 aetatem
772 1006 839 1053 tali
847 1006 945 1052 ludo
957 1006 1107 1052 ludere.

243 1069 464 1130 Qicquid
476 1068 585 1125 fecit,
595 1069 806 1116 nobiscum
826 1086 906 1115 una
914 1070 1031 1122 fecit,
1043 1086 1122 1117 nos
1136 1068 1393 1130 deliquimus.

242 1134 404 1183 Foenus,
415 1128 580 1185 sortem,
588 1131 879 1196 sumptumque
889 1149 1063 1178 ornnem
1076 1132 1149 1193 qui
1159 1132 1288 1177 amica
1297 1131 1352 1178 est
1362 1163 1375 1183 ‚
1388 1128 1531 1177 omnia

242 1195 341 1240 Nos
351 1195 554 1247 dabimus,
565 1212 643 1242 nos
652 1196 921 1248 conferemus,
933 1196 1074 1240 nostro
1083 1195 1243 1257 sumptu
1255 1210 1342 1240 non
1351 1208 1437 1238 tuo.

173 1257 337 1315 ’μισ-ΤΗ.
359 1258 465 1302 Non
479 1260 612 1318 potuit
623 1261 757 1305 venire
766 1272 906 1303 orator
919 1261 1046 1319 magis
1053 1259 1105 1302 ad
1115 1274 1184 1301 me
1205 1255 1466 1316 impetrabilis
1478 1286 1490 1307 ,

246 1322 403 1382 Qam*
416 1332 461 1363 tu
483 1350 497 1370 ,
527 1335 663 1382 neque
683 1320 739 1365 illi
766 1317 854 1364 sum
885 1319 1006 1364 iratus
1021 1351 1035 1371 ,
1089 1334 1225 1379 neque
1248 1319 1466 1380 quicquam
1491 1313 1577 1361 suc-

430 1379 588 1426 censeo.

243 1446 385 1488 Immo
397 1458 465 1487 me
476 1442 663 1505 praesente
674 1455 825 1496 amam,
834 1442 985 1495 bibito,
994 1443 1117 1488 facito
1136 1442 1253 1503 quod
1264 1441 1377 1487 lubet
1388 1473 1403 1493 ‚

245 1506 289 1550 Si
303 1506 386 1550 hoc
397 1507 534 1565 pudet,
552 1505 686 1551 fecisse
699 1501 906 1566 sumptum
917 1525 929 1560 3
959 1504 1134 1568 supplicii
1145 1504 1278 1549 habeo
1290 1504 1387 1549 satis.

247 1568 335 1614 CA.
353 1565 564 1629 Dispudet.
599 1569 690 1616 ΤΒ.
721 1567 795 1613 dat
818 1568 932 1614 istam
951 1570 1109 1615 veniam
1120 1599 1135 1620 ,
1166 1566 1265 1631 quid
1282 1582 1351 1612 me
1373 1565 1443 1611 fiet
1467 1579 1578 1614 nunc

416 1643 528 1692 jam?

1326 1691 1415 1737 ΤΗ.
1426 1689 1579 1736 Verbe-
1592 1683 1595 1684 ⁷

220 1807 274 1836 26.
312 1803 385 1832 Bene
407 1803 498 1833 hercle
518 1802 641 1842 fabium
656 1824 665 1839 ‚
689 1802 725 1835 ὼ·
741 1803 864 1844 fastum
897 1802 931 1835 in
949 1802 1046 1845 culpae
1063 1801 1268 1835 confeffione.
1290 1802 1324 1834 si
1340 1802 1414 1846 quis
1423 1801 1577 1834 aliushue

176 1843 325 1887 gaudem]
348 1846 420 1877 Hoc
436 1846 561 1888 antiqui
573 1848 673 1878 moris
681 1855 762 1883 exat,
775 1856 856 1882 tum,
898 1847 1038 1877 maxime
1053 1845 1127 1878 facit
1140 1848 1264 1889 elegans
1280 1847 1335 1878 ille
1349 1846 1454 1878 Taciti
1467 1846 1556 1877 locus
1566 1852 1576 1872 z

179 1888 310 1928 quando
319 1897 387 1919 non
396 1889 550 1931 poenitere
565 1887 595 1921 se
611 1887 687 1921 faeti
702 1890 839 1921 dicerent
849 1911 873 1926 ,..
900 1889 1023 1928 Vistilia,
1035 1890 1163 1931 prataria
1172 1890 1294 1929 familia
1307 1891 1421 1930 genita,
1432 1889 1576 1919 licentiam

179 1931 232 1963 sed
248 1931 446 1973 voluptatem
463 1941 500 1964 ex
517 1942 558 1964 eo
581 1942 688 1975 capere
711 1943 718 1963 :
744 1935 862 1965 Gaudeo
888 1932 982 1976 stupri
996 1934 1074 1975 apud
1089 1933 1181 1963 adiles
1194 1934 1393 1972 vulgaverat3
1422 1933 1577 1963 moreinter

173 1974 293 2015 sallum
310 1996 320 2012 ‚
338 1975 370 2016 fi
390 1976 464 2018 quid
488 1974 548 2006 tibi
570 1977 631 2014 feci
653 1976 728 2019 quod
756 1978 860 2022 placet.
894 1983 1134 2018 veteresrecepm,
1163 1978 1217 2019 qui
1227 1977 1454 2019 jatispoenarum
1469 1977 1575 2006 adver-

179 2019 280 2050 l’alm.
891 2020 961 2058 sum
981 2019 1140 2061 impudicas
1165 2021 1194 2051 in
1210 2019 1269 2062 ipfiz
1282 2020 1444 2061 professione
1463 2016 1576 2059 flagitii

220 2071 278 2097 40.
303 2060 532 2104 Impetrabilis.]
549 2061 787 2104 naeamssrrep&:
805 2063 862 2105 qui
895 2060 1053 2092 credebant.
1075 2065 1146 2094 Haec
1155 2063 1223 2103 ejus
1237 2062 1327 2092 verba
1335 2060 1470 2097 sunt,his
1481 2064 1569 2094 Plau-

180 2102 292 2139 facile‚
310 2104 477 2145 quodvult
495 2105 652 2147 impetrat.
671 2107 717 2136 Sic
718 2105 860 2148 suafibilbs
897 2107 972 2137 tinis
982 2103 1164 2139 fimillnna,
1187 2113 1334 2138 extremo
1344 2104 1402 2136 lib.
1415 2116 1444 2136 2.
1458 2103 1573 2137 Annal-

175 2157 249 2182 vox,
263 2146 464 2188 ἆνεργκπκιός,
476 2148 656 2190 persuadere
664 2147 782 2181 efficax.
801 2153 859 2180 De·
896 2150 1036 2180 Boxhorn.

177 2188 335 2229 lemfica&
345 2191 439 2230 fiaada
450 2192 590 2229 facundia
599 2193 770 2233 appellatur
778 2193 860 2234 Sym·
912 2204 915 2207 ’
934 2202 990 2230 44.
1015 2191 1176 2234 “Dispudet-
1202 2193 1266 2222 ΤΚ.
1289 2190 1341 2221 dat
1357 2189 1477 2232 istam]
1497 2191 1572 2221 Sane

180 2235 276 2265 macho
292 2233 351 2265 lib.
365 2243 392 2268 3.
409 2237 462 2275 Ep,
475 2240 506 2265 6.
531 2235 578 2266 Sic
594 2237 706 2265 Terent.
728 2235 859 2270 Phorm.
896 2234 1051 2267 omnibus
1067 2234 1388 2276 codicibusignotum
1403 2234 1445 2265 est
1462 2232 1496 2263 τὸ
1510 2233 1572 2271 dar,

183 2287 213 2312 1,
224 2286 256 2311 4.
280 2277 407 2315 &affirm
415 2278 581 2308 vincibilem
597 2277 693 2315 dixit,
708 2278 858 2321 quaefaci-
894 2280 1060 2311 inventum
1071 2277 1236 2309 Acidalio:
1261 2276 1312 2309 sed
1322 2288 1389 2308 non
1399 2275 1498 2318 potest
1505 2274 1569 2306 sen-

180 2319 212 2352 le
223 2319 346 2357 vincat3
368 2321 534 2364 interprete
545 2325 668 2352 Donato.
894 2323 993 2353 tentia
1007 2321 1123 2353 melius
1132 2321 1256 2362 expleri.
1282 2320 1350 2352 Nifi
1367 2321 1459 2351 malis
1474 2330 1482 2349 :
1506 2319 1565 2347 CA.

226 2371 282 2408 433
303 2362 336 2392 Si
356 2364 403 2392 hoc-
415 2365 505 2406 pudet
514 2364 646 2406 ῥιψὶ]
665 2364 857 2396 Ρυᾶοῑεηιί-
893 2365 1040 2409 dispudet,
1060 2366 1097 2395 da
1112 2364 1192 2403 istam
1205 2364 1328 2394 veniam.
1348 2366 1409 2395 Tn-
1428 2361 1498 2404 quid
1510 2370 1562 2390 me·

178 2404 336 2448 quislaepe
350 2415 408 2448 pro
414 2417 522 2451 poena.
546 2407 650 2442 Pudor
669 2415 777 2442 autem
795 2415 859 2441 erat
879 2409 928 2441 Sic
943 2407 1075 2443 Casum,
1114 2417 1144 2442 2,
1170 2413 1199 2439 8.
1227 2416 1277 2444 34ἓ
1301 2417 1414 2440 omnes
1431 2410 1562 2485 οιέἕὲῐὲῗ
