1649 2827
363 108 405 153 A
425 121 457 152 c
476 122 506 152 T
528 121 559 153 u
585 122 604 152 s
642 109 726 162 IV,

109 179 286 227 Liciturn
297 182 372 228 est:
399 182 455 227 ita
467 198 536 228 me
546 182 709 228 attinuit
720 215 734 235 ,

768 107 1109 154 ScENAIL

769 183 825 228 ita
837 199 907 228 me
919 183 1104 230 detinuit.

1360 121 1448 170 59¹

112 246 237 306 Apud
251 244 380 303 aediles
391 246 550 308 praediis
564 245 677 292 faustis
687 244 950 307 plurimisque

112 306 384 370 Peffumistque
399 309 500 355 dixit
512 306 688 354 caussam
705 341 716 363 ,
747 310 1007 356 conditiones

40 381 67 412 2
74 383 93 426 5
112 370 253 415 Tetuli
268 385 392 418 tortas
403 404 416 424 ‚
447 370 728 433 confragosas:

764 386 830 416 aut
849 371 939 433 plus

112 434 199 478 Aut
209 435 347 480 minus
361 469 374 487 ,
406 452 531 497 quam
545 452 648 497 opus
658 450 739 479 etat
751 434 884 479 multo
899 470 910 480 .
943 434 1127 484 dixeram

113 496 452 543 Controvetfiam
467 536 478 553 ‚
508 501 567 543 uti
586 497 748 559 sponsio
770 496 896 543 fieret.

111 560 309 619 Qidille
328 574 339 606 ζ»
363 563 460 623 quid
477 574 491 608 ἓ
523 563 702 623 praedem
715 561 838 606 dedit.
871 577 949 606 nec
958 559 1085 620 magis

112 622 380 669 Manifestum
393 641 471 686 ego
485 624 705 670 hominem
721 640 905 686 unquam
916 622 1044 669 ullum
1059 620 1289 668 tenetividi.

42 699 61 742 3
72 700 98 729 0
114 687 328 732 Omnibus
341 686 560 732 malefaekis
571 688 686 733 testes
702 703 780 733 tres
790 689 954 731 aderant
965 686 1172 731 acetrumi.

24 764 30 767 ¹
113 748 173 793 Di
192 747 310 794 illum
345 767 493 795 omnes
511 752 680 813 perdant
700 783 714 804 ,
746 754 761 810 (
778 752 832 796 ita
850 750 957 796 'mihi
981 749 1093 793 hunc
1124 746 1251 792 hodie
1282 748 1465 811 corrupit

294 814 441 872 diem.)

113 875 274 936 Meque
286 878 402 928 adeo,
413 878 485 938 qui
497 876 623 922 hodie
637 875 775 922 forum
787 890 973 937 unquam
986 872 1115 918 oculis
1135 870 1290 936 inspexi
1303 875 1426 926 meis,

111 938 237 982 Diem
252 942 426 1001 corrupi,
436 941 645 1001 optimum
663 937 761 1003 jusfi
772 939 947 1001 apparari
959 938 1189 999 prandium.

111 1001 260 1045 Amica
272 1000 471 1064 exspetstat
484 1019 566 1054 me,
579 1000 674 1049 scio,
713 1003 784 1048 ubi
795 1005 975 1064 primum
989 1000 1045 1045 est
1055 999 1208 1044 licitum
1218 998 1350 1050 ,illico

41 1074 60 1117 3
73 1078 93 1122 5
108 1065 446 1125 Properaviabire
461 1067 510 1111 de
520 1065 629 1111 foro.
662 1067 762 1112 irata
773 1066 843 1118 est,
856 1063 993 1116 credo,
1004 1079 1115 1109 nunc
1128 1063 1243 1108 mihi.

83 1213 137 1234 22.
158 1204 344 1247 uminum]
368 1208 417 1236 Ita
433 1214 487 1236 me
505 1205 541 1237 in
561 1204 621 1237 suo
633 1214 734 1248 nego-

39 1247 88 1279 tio
103 1256 295 1289 occupatum
312 1249 459 1280 retinuit.
479 1248 617 1279 Lambin.
643 1250 733 1280 Deti-

37 1291 115 1321 nuit.
129 1289 145 1332 ]
174 1294 223 1322 Ita
237 1302 290 1323 me
306 1292 344 1323 ab
353 1302 392 1323 eo
401 1292 492 1333 quod
502 1293 626 1324 astutus
634 1302 732 1328 eram,

37 1342 206 1366 avocatum
218 1336 333 1368 tenuit.
358 1333 518 1366 Lambinus
527 1333 568 1367 fic
581 1337 732 1379 interpre-

38 1384 124 1410 tatur
135 1378 167 1410 &
180 1377 314 1411 fallitur.
339 1379 524 1410 Attinere&
540 1381 663 1410 detinere
680 1380 731 1412 hic

38 1429 79 1452 eo
89 1418 243 1453 differunt
251 1443 262 1456 ‚

1332 1124 1467 1177 Placa-

770 1203 971 1237 stribendum
981 1210 1080 1246 puto,
1105 1212 1162 1235 nec
1177 1201 1378 1245 fivulgatum
1389 1203 1465 1235 reti-

770 1258 844 1280 neas
865 1253 944 1281 .Aut
960 1258 1017 1290 pro
1040 1249 1131 1278 Haud
1148 1247 1381 1288 accipiendum.
1415 1247 1464 1278 Sic

775 1294 863 1324 enim
893 1290 996 1323 solent
1011 1290 1115 1333 loqui.
1143 1291 1287 1333 Captivis
1307 1300 1336 1327 ς-
1355 1298 1383 1324 3.
1409 1293 1464 1320 cur

769 1347 815 1376 ego
827 1337 896 1380 plus
910 1336 1047 1375 minusve
1062 1335 1122 1374 feci
1132 1346 1225 1378 quam
1235 1344 1352 1376 aquam
1363 1333 1431 1372 fuit
1446 1337 1463 1364 ἓ

768 1381 938 1412 Terentius
952 1382 1071 1420 Hecyra
1093 1389 1120 1415 ς.
1135 1390 1164 1410 1.
1186 1382 1244 1421 Q
1257 1378 1330 1418 quid
1346 1377 1463 1416 faciam

300 1423 393 1465 quod
412 1423 536 1453 detinere
554 1422 592 1454 fit
607 1423 732 1455 diutius
761 1424 828 1466 plus
838 1423 916 1466 quod
933 1434 980 1454 me
1003 1422 1061 1465 post
1078 1423 1171 1453 minus
1184 1420 1279 1461 feciffi
1291 1422 1387 1462 satius
1405 1421 1461 1462 fit.

38 1466 172 1496 attinere
185 1476 193 1496 :
204 1466 237 1496 de
254 1465 329 1498 huic
339 1467 436 1499 verbo
451 1487 460 1500 ‚
471 1474 507 1499 ut
516 1467 630 1499 multis
645 1467 726 1503 aliis,
768 1467 966 1499 Phormione
982 1467 1040 1497 ast.
1057 1475 1085 1500 3.
1107 1464 1145 1497 sc.
1159 1476 1187 1501 3·

1239 1470 1287 1497 Ne
1302 1465 1376 1507 quid
1394 1465 1462 1507 plus*

37 1507 184 1548 junstum
198 1508 293 1541 habet
300 1510 726 1553 augendifignificationem.
770 1509 1009 1549 mimffwfuir,
1035 1510 1112 1551 quod
1127 1522 1175 1539 nos
1181 1509 1240 1553 post
1247 1510 1356 1559 prgqat.
1382 1511 1459 1539 Sue-

38 1553 183 1582 Boxhorn.
218 1583 226 1587 ,

82 1606 135 1632 25.
164 1599 240 1628 ,Λιιτ
257 1595 364 1639 plus.]
391 1598 515 1629 Mirum
531 1597 565 1629 in
588 1597 728 1628 modum

38 1637 91 1670 hic
100 1637 242 1670 haefitant
252 1640 448 1682 interpretes.
473 1640 568 1672 Haud
577 1639 674 1672 dubie
683 1640 727 1672 Ie-

38 1682 182 1724 gendum
191 1683 235 1714 est
247 1684 432 1714 :conditiones
441 1686 544 1714 Tetuli
553 1692 654 1719 tortas,
664 1695 725 1714 con—

32 1726 166 1767 fragosa.
195 1728 354 1771 Hantplus
367 1749 376 1763 ‚
404 1728 488 1758 Haut
496 1739 591 1758 mmus
602 1749 611 1760 ‚
638 1738 728 1770 quam·

35 1778 107 1813 opus
117 1776 190 1803 erar,
202 1771 260 1801 &a
287 1776 362 1802 ⁸Aut
372 1772 538 1811 vuigatum
550 1771 572 1801 fi
584 1773 730 1806 retineas,

37 1823 95 1854 pro
107 1816 181 1844 haut
189 1814 406 1855 accipiendum
420 1814 472 1845 est.
490 1820 565 1846 ,Aut
574 1815 662 1845 enim
673 1824 729 1855 pro

38 1858 113 1886 haut
128 1855 302 1888 scribebant
313 1865 442 1889 veteres.
467 1860 581 1900 Neque
600 1856 629 1888 se
640 1857 731 1889 aliter

38 1901 175 1942 accipere
184 1907 299 1931 monet
310 1910 364 1933 me
375 1902 547 1943 Salmafius‚
559 1911 656 1942 quem
671 1911 726 1933 au-

38 1943 176 1976 diamsss.
195 1945 337 1974 Boxhorn.
378 1947 599 1986 Controverstam
619 1946 708 1974 dicere
719 1967 728 1981 ,

765 1555 875 1586 tonius
887 1553 1023 1585 octavio
1042 1558 1092 1589 84.
1114 1557 1163 1584 Ne
1179 1554 1245 1596 plus
1263 1552 1397 1590 mmusve
1414 1551 1457 1580 la-

765 1605 901 1639 queretur
909 1608 945 1628 ex
965 1604 1098 1641 tempore.
1124 1597 1350 1637 Controverfiaezm
1366 1596 1455 1624 dicere

767 1649 803 1672 ut
820 1642 935 1681 caufizm
957 1641 1062 1676 dicere,
1088 1642 1221 1683 accipere
1236 1636 1382 1681 possum:
1407 1635 1460 1669 sed

764 1684 1046 1726 quemadmodum
1069 1696 1120 1714 non
1154 1685 1222 1728 plus
1244 1683 1361 1720 causam
1386 1681 1462 1710 dice-

764 1739 792 1758 re
808 1749 818 1764 ‚
852 1739 908 1770 pro
932 1738 1000 1759 non
1024 1729 1094 1770 plus
1114 1729 1147 1758 in
1167 1723 1254 1757 causti
1279 1722 1455 1766 disceptan-

764 1771 803 1802 da
831 1772 952 1806 dicere,
990 1771 1242 1811 haudquaquam
1263 1769 1455 1801 tolerarem.

764 1815 808 1845 ita
836 1826 892 1846 nec
908 1812 1034 1846 sufferre
1050 1810 1176 1854 poffum
1191 1834 1201 1847 ‚
1223 1812 1301 1842 haud
1318 1811 1383 1854 plus
1402 1815 1458 1840 aut

763 1859 858 1888 minus
879 1858 1098 1898 controverfiam
1114 1857 1218 1890 dicere,
1242 1865 1298 1897 pto
1313 1861 1460 1885 tantum·

767 1902 870 1933 modo
894 1903 927 1933 in
950 1899 1158 1932 controverfia
1181 1899 1293 1930 dicere.
1317 1897 1452 1931 Lambi-

766 1955 844 1977 nus:
868 1946 931 1976 dixi
947 1949 983 1976 In
1002 1944 1219 1985 controverfiam
1233 1962 1243 1976 ,
1262 1947 1298 1972 ut
1319 1939 1457 1982 sponfio.

37 1985 125 2018 idem
144 1988 234 2030 quod
254 1988 351 2029 paulo
368 1995 461 2021 ante,
486 1990 604 2029 caufizm
624 1990 724 2019 dicere.
766 1989 866 2032 Qod
883 1988 1083 2021 fiandeoem,
1107 1986 1242 2017 facerem
1263 1986 1376 2014 multa·
1392 1985 1457 2014 ‘Di-

38 2030 126 2062 Nam
135 2031 237 2068 causta,
260 2031 294 2063 &
312 2032 513 2073 controvevfia‚
537 2031 647 2064 eadem
658 2042 728 2074 quae
761 2043 863 2062 aceram
882 2034 912 2062 in
934 2030 1170 2071 controveifiam,
1192 2028 1240 2059 uti
1257 2027 1356 2058 multa
1368 2027 1458 2072 spon-

39 2073 153 2107 Graecis
167 2073 272 2106 αἰτίαι.
293 2075 569 2112 Sed&hocloco‚
596 2083 651 2105 aut
670 2084 728 2117 pro
755 2076 799 2117 sto
816 2075 901 2114 fieret
917 2087 928 2104 .·
964 2080 1000 2104 ut
1019 2071 1050 2104 se
1067 2073 1206 2104 invicem
1226 2077 1458 2114 provocarent,

39 2115 114 2144 haut
126 2127 313 2160 acceperam.
342 2120 392 2150 Sic
412 2120 500 2150 enim
518 2118 727 2152 scribebatur,

38 2158 115 2206 bapt
130 2161 178 2192 vel
192 2169 265 2198 aut,
289 2171 347 2207 pro
362 2162 451 2192 haud.
476 2163 568 2193 Haud
582 2161 663 2206 plus,
673 2170 731 2192 aut

765 2119 807 2150 Ni
827 2119 890 2149 hoc
907 2118 951 2149 ita
965 2115 1025 2149 est,
1057 2115 1145 2147 dabis
1155 2114 1454 2148 milienummum?

764 2161 824 2193 Sed
849 2161 933 2192 forte
956 2159 1095 2192 melius:
1129 2168 1185 2189 aut
1205 2159 1273 2202 plus
1292 2163 1370 2190 aiut
1392 2168 1452 2188 mt-

39 2212 160 2239 mmm,
182 2216 272 2245 quam
282 2214 351 2250 opus
360 2213 424 2237 erat
433 2207 546 2242 multo,
567 2213 727 2236 controver-
763 2217 814 2236 nus
827 2227 836 2241 ,
858 2214 949 2246 quam
976 2212 1043 2247 opus
1063 2210 1125 2234 erat
1142 2225 1152 2238 ‚
1188 2202 1282 2232 multo
1299 2201 1453 2235 dixeram,

31 2247 111 2289 [iam
129 2247 279 2284 dixeram,
302 2251 448 2293 utffio7fio
470 2249 566 2289 fieret.
591 2252 629 2280 In
639 2247 729 2280 causa

764 2249 954 2290 Controversia
963 2245 1126 2290 utzsponfio
1135 2245 1230 2285 fieret.
1256 2244 1362 2277 Modo
1372 2265 1383 2278 ‚
1403 2244 1456 2277 in-

38 2289 171 2322 dicenda
189 2290 221 2321 &
232 2293 439 2325 controveffia
450 2291 648 2335 disceptanda
660 2302 728 2323 non
763 2294 853 2336 quit,
864 2291 1022 2332 augebam
1032 2300 1100 2321 rem
1114 2309 1123 2323 .
1147 2288 1251 2320 modo
1264 2287 1455 2321 minuebam

39 2334 150 2365 multo
158 2333 230 2376 plus
243 2357 252 2370 ,
274 2342 328 2366 aut
338 2338 448 2370 minus
464 2337 528 2368 dixi
538 2345 637 2380 quam
650 2345 731 2377 opus

38 2385 123 2412 erat,
148 2377 195 2409 uti
209 2374 334 2419 sponsio
344 2378 442 2411 fieret·
452 2381 625 2422 Salmafius.
651 2383 729 2412 ,Aut

32 2420 106 2463 plus
126 2428 180 2451 aut
196 2421 323 2464 mima]
334 2423 402 2464 Ego
412 2432 485 2455 vero
495 2434 552 2456 nec
568 2423 646 2454 haud
660 2423 728 2465 plus

39 2465 132 2500 Haud
150 2465 271 2499 minus,
310 2466 361 2499 vel
378 2467 456 2498 haud
465 2468 536 2512 plus
563 2474 618 2499 aut
633 2467 732 2501 minus
763 2465 940 2498 Gronovius.

765 2344 800 2367 ut
823 2333 1013 2376 ambiguum
1044 2332 1179 2365 facerem
1203 2331 1341 2371 iudicem
1357 2352 1368 2365 ‚
1413 2339 1456 2363 ne

763 2379 913 2410 clientem
925 2386 1035 2408 meum
1045 2377 1153 2419 primo
1163 2385 1251 2408 coetu
1259 2375 1457 2408 condemna-

764 2429 828 2458 τευ
851 2420 902 2452 sed
929 2428 966 2453 ut
989 2420 1029 2454 ad
1051 2418 1258 2464 sponsionem
1284 2421 1456 2454 veniretur.

1308 2513 1364 2544 ρο.
1384 2507 1455 2546 Naef
