1698 2837
595 79 1219 131 DEDICATIO.

217 169 318 213 me,
330 157 465 222 cujus
477 151 785 219 summojam
799 149 923 203 olim
936 149 1183 203 beneficio
1195 149 1319 210 sum,
1338 151 1385 204 ὃ(
1398 150 1545 203 serius
1563 166 1620 201 ac
1665 125 1668 217 l

1688 0 1698 140 l

217 227 378 282 debeo
393 233 550 301 magis
567 245 716 298 quam
732 231 1017 297 importune
1044 224 1174 278 lianc
1187 224 1340 279 debiti
1366 230 1464 277 mei
1486 223 1622 277 facio
1667 226 1676 295 ’ξ

219 300 586 377 profeffionem.
611 300 807 354 Scilicet
819 318 994 373 parum
1011 299 1101 351 tibi
1114 297 1209 352 fuit
1234 304 1456 352 maximo
1472 314 1620 370 atque
1670 316 1679 377 ζ

220 376 423 430 infinito
440 375 609 429 officio
623 374 841 447 distringi
857 418 867 435 ‚
894 373 1093 428 turbam
1109 376 1157 427 ὃ(
1170 373 1365 447 pondus
1393 379 1622 447 negotio-

219 470 332 505 rum
346 449 752 504 difficillimorum
770 449 1027 507 sustinere,
1046 451 1328 522 Principum
1344 449 1621 522 potentiffi-

220 530 291 580 mi
316 528 365 579 ὃς
389 531 439 577 in
464 525 611 578 rebus
637 522 863 598 gerendis
889 527 1114 577 acerrimi
1150 524 1531 597 paratiffimique
1572 525 1623 577 δε

221 599 484 653 confilium
500 600 740 653 instruere
755 598 945 666 &juffis
960 597 1198 651 sufficere.
1229 601 1428 652 Gazam
1441 598 1623 652 tracias

1671 379 1674 436 ξ

1672 455 1676 559 1

1656 622 1659 626 Δ
1676 602 1678 623 l

1676 626 1680 652 l

219 680 485 749 regnitoto
500 690 743 728 terrarum
766 674 885 725 orbe
912 672 1266 746 opulentissimi
1289 675 1338 726 ὅ(
1362 672 1625 746 copiofiffi-
1678 700 1680 711 ι

220 755 308 810 mi,
336 768 396 803 ea
409 754 698 802 innocentia
709 750 758 802 &
773 747 889 808 fide,
904 764 960 801 ut
976 747 1243 802 Aristidem
1259 753 1431 803 vincas
1446 750 1494 801 ὃ(
1511 751 1625 802 Uti=

221 824 418 878 censem
439 826 693 878 Catonem
711 849 724 887 ς
747 841 807 876 eo
823 821 1012 883 labore,
1039 829 1125 893 qui
1141 822 1406 876 Herculeis
1423 842 1525 875 non
1540 822 1623 876 de-

222 897 385 963 cedat;
399 917 456 952 ea
467 900 738 972 vigilantia,
757 916 908 968 quam
923 902 973 949 in
991 898 1213 953 Atlantis
1230 900 1279 951 ὃ(
1294 896 1625 971 Hesperidum

218 979 456 1047 pomarii,
484 978 534 1025 in
549 973 648 1026 luci
665 976 846 1026 Martis
862 971 992 1046 apud
1024 971 1250 1027 Colchos
1266 971 1472 1026 custode
1495 972 1624 1025 inso-

218 1067 342 1121 pore
355 1053 522 1123 pinxit
538 1053 805 1119 antiquitas
822 1072 835 1110 ς
850 1066 908 1100 ea
920 1052 1184 1120 opimitate
1200 1066 1259 1101 ac
1273 1046 1549 1107 fertilitate,
1566 1062 1623 1101 ut

217 1123 307 1176 tibi
324 1168 336 1187 ,
365 1122 502 1195 quod
530 1128 647 1176 Anii
680 1123 943 1175 Deliorum
969 1127 1096 1196 regis
1121 1141 1178 1175 ac
1202 1121 1470 1176 sacerdotis
1498 1121 1625 1176 filia-

218 1196 311 1252 bus
328 1241 341 1260 ,
370 1198 544 1252 clatum
556 1197 783 1253 videatur
799 1239 809 1257 ‚
837 1215 1049 1268 quarum
1064 1197 1199 1249 tactu
1214 1203 1384 1250 omnia

277 1312 564 1386 Inftgetem
576 1312 876 1385 laticemque
889 1312 1017 1365 meri
1029 1311 1330 1386 baccamque
1343 1312 1607 1367 Miner-vce

288 1385 841 1457 Transfhrmabantnr.
1297 1422 1300 1424 Δ

217 1486 341 1540 Non
357 1491 493 1539 enim
507 1484 768 1559 vectigalia
782 1501 981 1539 tantum
998 1491 1151 1541 tueris
1166 1486 1215 1539 8<
1230 1485 1487 1541 conservas
1503 1531 1514 1549 ,
1542 1484 1623 1539 sed

219 1579 284 1615 ex
298 1579 399 1632 quo
415 1567 485 1614 eis
502 1559 740 1614 admotus
756 1579 809 1615 es
825 1604 836 1621 ‚
864 1560 1034 1615 multis
1057 1561 1281 1634 partibus
1295 1560 1435 1634 plura
1456 1563 1506 1614 ὃ(
1520 1580 1625 1614 cer-

216 1641 351 1689 tiora
365 1637 413 1688 8<
426 1634 754 1689 fructuosiora
770 1632 989 1688 effecisti.
1019 1638 1116 1689 Res
1141 1634 1362 1708 optanda
1387 1638 1625 1708 Principi-

218 1711 313 1764 bus
331 1736 342 1764 ι
365 1711 414 1763 ὃ(
428 1725 675 1763 conantur
688 1709 859 1782 passim
877 1735 890 1773 ς
914 1710 994 1762 sed
1021 1715 1345 1764 incrementis
1371 1728 1474 1763 non
1501 1709 1626 1762 salu-

216 1784 411 1838 bribus:
441 1783 567 1837 adeo
581 1801 638 1845 ut
651 1785 872 1857 plerique
886 1785 1122 1857 oppreffis
1138 1787 1187 1837 &
1202 1790 1469 1839 exinanitis
1494 1783 1590 1838 suis
1609 1829 1625 1848 ‚

217 1859 331 1932 plus
360 1858 527 1912 odii&
541 1858 760 1911 dirarum
788 1878 940 1929 quam
969 1865 1187 1931 pecuniae
1211 1859 1436 1932 redigant
1452 1885 1465 1922 ς
1501 1879 1628 1912 mox

218 1931 432 1995 sontem,
449 1933 580 1986 unde
596 1932 806 1993 avidius,
834 1951 981 2005 quam
999 1952 1086 2006 par
1099 1949 1218 1994 erat,
1234 1932 1624 1996 hauserunt,ina-

218 2005 362 2061 ruiffe
374 2012 707 2081 experiantur.
735 2015 807 2060 At
820 2023 874 2061 tu
890 2025 994 2060 non
1009 2027 1243 2081 aggravas
1258 2013 1523 2076 onerajam
1537 2027 1626 2061 an-

217 2096 271 2134 te
286 2083 466 2150 injusta
480 2124 491 2143 ,
520 2101 622 2135 non
639 2081 931 2136 acerbitates
943 2083 1278 2144 exactionum,
1295 2101 1398 2135 non
1413 2083 1625 2137 tributo-

216 2175 333 2209 rum
348 2176 480 2211 nova
495 2162 703 2209 nomina
718 2158 767 2209 &
783 2154 916 2209 finus
933 2157 1339 2211 comminisceris.
1356 2156 1559 2211 reficluis
1575 2159 1623 2211 8<

218 2230 418 2302 reliquis
435 2231 689 2304 exigendis
707 2274 717 2291 ‚
733 2231 967 2303 peculatu
981 2231 1211 2292 arcem-5¹10,
1225 2230 1344 2284 falso
1355 2250 1444 2284 aere
1459 2231 1624 2285 alieno

216 2303 470 2358 abolendo
485 2350 496 2367 ‚
527 2305 806 2378 sumptibus
822 2307 871 2358 ὅ(
881 2306 1082 2372 jaciuris
1110 2305 1339 2362 inanibus
1365 2310 1622 2360 circumci-

217 2376 413 2444 dendis;
428 2378 507 2432 sed
518 2385 753 2438 maxime,
782 2379 902 2433 dum
920 2376 1238 2454 negotiantes
1253 2379 1556 2451 frequentas,
1571 2382 1622 2433 ὃς

218 2458 530 2507 commerciis
546 2452 709 2509 cursus
722 2453 976 2510 liberiores
991 2461 1167 2530 aperis,
1177 2455 1301 2513 dum
1314 2454 1376 2510 ad
1387 2454 1620 2581 exccgilen-³
1695 2511 1698 2524 ¹

1531 2546 1618 2582 um
1694 2566 1698 2572 „
