1649 2827
428 55 665 103 Aeros
698 59 754 101 11.

798 55 1158 101 ScENAlH.
1394 49 1478 114 583

128 134 192 182 Ut
207 131 529 183 reconcinnetur,
546 147 668 192 atque
683 147 727 175 ut
738 147 860 193 opera
872 132 1079 182 addantur,
1089 148 1178 193 quac
1188 130 1300 176 volo.

131 199 225 242 ΜΕ.
251 193 397 242 Hercle
410 199 564 256 quintu
577 195 685 239 recte
700 196 821 238 dicis:
854 195 995 238 eadem
1009 197 1279 258 ignorabitur:

57 271 115 319 75
134 262 204 306 Ne
224 274 327 305 uxot
344 257 561 319 cognoscat
582 272 623 303 te
648 257 820 308 habere,
858 256 884 302 si
908 259 951 302 in
965 260 1023 304 via
1037 257 1202 321 conspe-

315 323 434 366 xetit.

1263 257 1342 282 steini.
1368 262 1397 279 ne
1411 262 1476 280 uxor

1265 288 1421 316 agnot‘car‚re
1430 288 1472 310 ha.

1265 320 1322 341 bere
1337 318 1354 340 fi
1366 335 1372 343 ,
1389 320 1436 341 &e-

123 386 203 432 ER.
228 385 336 446 Ergo
347 400 450 428 mox
462 382 618 429 auferto
630 397 766 429 tecum
782 383 971 442 ‚quaudo
985 383 1126 429 abibis.
1158 387 1251 429 ME.
1275 399 1477 428 maxume.

121 450 203 495 ER.
235 450 383 493 Eamus
395 448 520 493 intro.
553 451 647 493 ME.
677 450 759 508 jam
772 446 983 508 sequane,
1018 448 1130 492 hunc
1153 446 1481 494 voloetiamcol-

299 511 429 572 loqui.

120 572 216 619 Eho
229 573 448 624 Meffenio,
461 573 604 619 accede
615 573 707 618 huc,
739 573 852 618 Msss.
888 573 987 634 quid
1000 574 1156 635 negotii
1177 573 1233 618 est
1255 585 1268 620 ?
1302 577 1400 621 ME.
1422 570 1477 619 st!

302 635 398 682 scire
424 639 504 682 vis?

122 702 240 748 Mas.
279 702 400 761 Qid
446 711 586 762 ergo?
640 701 736 745 ME.
778 698 875 760 opu’
899 698 945 744 st.
998 701 1113 747 Mfis.
1143 698 1240 761 quid
1286 699 1477 769 opu’st?

303 767 391 810 ME.
411 763 516 816 scio,
549 777 671 809 utme
685 765 806 808 dices.
836 765 953 808 Mes.
974 765 1275 825 tantonequior
1296 778 1354 807 esf

47 900 148 933 etiam
157 900 221 933 alia
235 900 382 944 quaedam
392 902 484 942 adjici
494 910 684 935 ornamenta
693 904 742 947 pi-

1221 828 1311 872 ME.
1322 823 1477 871 Habeo

792 901 899 934 ibime
908 901 1060 945 redigam.
1082 903 1227 935 Tantum
1243 912 1318 933 vero
1328 901 1422 938 abest,
1440 909 1478 934 ut

45 942 210 987 sturasque
225 945 323 978 adeas
333 956 411 990 quas
424 947 489 985 iarn
507 946 662 983 habebat,
688 958 744 980 acu
788 945 844 978 illa
854 956 906 978 me
915 946 1096 978 mendicare
1109 956 1220 989 cogat,
1242 954 1279 978 ut
1288 946 1386 977 etiarn
1402 956 1478 988 prae-

48 987 246 1030 Phrygionis
264 987 373 1022 fastas.
397 991 535 1033 Phrygio
561 991 650 1022 enim
674 1002 742 1024 non
788 988 863 1021 dam
880 992 1058 1022 invenerim
1077 1000 1114 1021 ex
1132 1001 1200 1029 ειυς
1217 990 1345 1021 notitia.
1378 989 1477 1020 Habeo

47 1030 113 1081 ipse
126 1031 271 1074 pulvinar
293 1041 356 1066 aut*
366 1034 483 1066 vestem
508 1033 662 1073 faciebam
690 1035 740 1066 sed
780 1035 919 1077 padam,
933 1034 1390 1078 inquit,tantumincepioperis.
1410 1033 1477 1064 sai-

49 1085 115 1115 Jam
135 1074 253 1109 fastam
262 1078 483 1120 accipiebat‚ut
495 1081 586 1111 variis
595 1079 742 1122 operibus

45 1128 118 1151 eam
127 1129 265 1154 ornaret,
277 1122 310 1152 &
319 1122 449 1163 pisturis
458 1124 635 1165 variegaret.
663 1128 739 1155 Prae-

45 1169 130 1195 terea
147 1165 238 1206 quod
249 1165 284 1198 in
299 1167 457 1206 pulvinari
466 1176 521 1199 aut
540 1165 622 1197 veste
630 1167 739 1208 pinxe-

24 1234 27 1236 ,
44 1215 92 1238 rat
103 1206 255 1250 Phrygio,
266 1208 299 1242 id
309 1219 392 1251 opus
403 1211 446 1241 ita
456 1207 629 1253 expressum
641 1211 675 1242 in
684 1220 736 1242 ve-

45 1249 90 1282 sse
99 1251 236 1287 extabat,
247 1260 282 1285 ut
291 1255 376 1285 extra
388 1263 501 1295 corpus
510 1254 601 1285 vestis
611 1255 732 1286 emine-

43 1302 93 1326 ret
103 1316 113 1330 ‚
137 1295 170 1326 δι
181 1306 247 1338 qua
262 1304 348 1339 parte
364 1296 509 1330 insutum
522 1307 636 1329 aurum
649 1319 659 1334 ‚
682 1306 737 1330 aut

44 1338 168 1370 colores
185 1349 243 1372 acu
256 1342 376 1373 intexti
386 1339 493 1377 essent,
503 1351 539 1374 ea
549 1348 634 1384 parte
646 1342 738 1374 vestis

43 1379 177 1424 asperior
185 1393 219 1415 ac
229 1384 364 1426 rigidior
374 1384 571 1417 reddebatur.
588 1384 713 1425 Salmas:

87 1435 144 1463 74.
165 1428 273 1458 Eadem
281 1428 490 1470 ignor-abitum]
506 1429 624 1461 Eadem
641 1439 735 1471 opera

43 1464 97 1500 seu
106 1470 232 1502 ratione
247 1471 329 1512 palla
337 1474 563 1504 reconcinnata
578 1473 736 1505 immuta-

43 1509 141 1548 bitur,
151 1522 192 1544 ne
210 1513 249 1544 ab
260 1524 359 1546 uxore
369 1517 567 1557 agnoscatur.

88 1566 144 1594 79.
166 1558 255 1598 Quid
270 1569 331 1599 ergo
341 1563 355 1588 ?
377 1561 444 1589 ΜΕ.
469 1568 536 1602 opus
553 1557 626 1600 est]
656 1561 736 1591 Non

44 1599 192 1632 multum
215 1601 399 1644 corrupteiae
417 1603 451 1633 &
482 1601 679 1635 difficultatis
701 1604 736 1634 in

44 1640 109 1674 hoc
124 1642 219 1681 loco,
243 1646 302 1688 qui
310 1646 394 1677 viros
406 1646 521 1677 doctos
530 1645 732 1678 habuitexet-

43 1686 367 1723 citos.Menaechmus
376 1687 582 1731 ingressurum
593 1688 734 1721 domum

44 1731 229 1765 meretricis,
234 1732 320 1764 servo
328 1732 522 1765 Messenioni
529 1733 660 1765 abeunti
668 1743 735 1775 quo

42 1771 168 1812 jufferat
183 1776 305 1818 aliquid
322 1775 427 1808 adhuc
455 1777 664 1808 mandaturus
679 1786 735 1807 vo-

43 1825 112 1854 cat3
127 1820 186 1849 Eho
197 1819 334 1858 Meffimio
341 1820 435 1850 accede
447 1822 511 1850 huc.
522 1822 625 1852 Iratus
633 1818 734 1852 servu-

44 1858 94 1891 lus
102 1863 193 1902 quod
202 1864 388 1895 Dominum
404 1865 521 1896 videret
530 1865 562 1896 in
574 1863 652 1895 aedes
662 1874 729 1895 me-

42 1906 162 1936 retricis
175 1907 291 1939 intrare
300 1929 309 1943 ‚
327 1906 511 1949 respondet3
531 1908 605 1950 quid
631 1907 735 1948 negotii

42 1945 79 1984 est
90 1952 104 1977 ἒ
127 1950 166 1980 Et
175 1950 291 1982 iterum
301 1973 310 1988 ‚
320 1952 393 1993 quid
401 1962 462 1992 ergo
476 1961 543 1995 opus
558 1951 594 1990 cst
602 1957 617 1983 ἓ
639 1956 734 1983 Immo

45 1997 113 2039 ⁰3¹⁴!
128 1993 164 2030 est
175 2014 185 2028 ‚
215 1993 308 2027 herus
323 1995 418 2028 dicit,
446 1995 586 2027 servulus
601 1996 712 2028 iratior
724 2016 733 2028 ‚

35 2034 96 2072 fiw
107 2043 175 2078 opus
182 2037 219 2075 est
229 2049 239 2074 3
249 2048 365 2081 nempe
374 2047 410 2070 ut
418 2039 594 2072 mendices,
604 2040 679 2082 quia
694 2039 734 2070 ad

47 2078 288 2113 mendicitatem
297 2081 390 2114 facile
398 2083 581 2124 redigebant
592 2083 734 2114 meretri-

45 2128 98 2150 ces
116 2130 341 2168 quemcunque
349 2125 545 2167 arripuissent
560 2136 594 2157 ac
610 2124 726 2158 tenuis-

45 2160 126 2193 sent·
151 2164 201 2196 Ad
228 2166 293 2200 haec
314 2169 408 2200 herus
423 2167 588 2210 respondet
602 2181 610 2200 :
638 2172 733 2200 Tanto

783 1076 862 1109 mas.
888 1079 976 1121 Qid
990 1082 1073 1119 ergo?
1098 1081 1168 1109 ME.
1195 1082 1271 1121 Opus
1292 1077 1338 1116 est.
1350 1076 1365 1119 L!
1396 1080 1476 1109 Non

784 1122 887 1153 modo
910 1124 1074 1164 Scioppius
1093 1124 1126 1153 oc
1146 1122 1308 1153 Acidalius
1324 1121 1376 1152 hic
1394 1119 1477 1152 luse-

781 1173 858 1196 runt
869 1175 1017 1208 operam,
1043 1163 1152 1197 sedvel
1171 1167 1312 1197 maxime
1337 1163 1347 1194 ὃ
1372 1164 1476 1201 acino,

782 1209 840 1250 qui
855 1219 923 1240 non
935 1210 1082 1241 multum
1090 1210 1274 1251 corruptelae
1294 1209 1326 1239 ὅ(
1335 1207 1476 1240 difficul-

782 1253 856 1284 tatis
872 1253 908 1284 in
925 1252 988 1284 hoc
998 1254 1078 1285 loco
1088 1250 1148 1285 effe
1166 1254 1221 1284 ait·
1242 1256 1354 1283 Immo
1365 1261 1475 1283 corru-

779 1297 871 1337 ptelae
880 1296 964 1328 nihil
973 1296 1024 1329 est.
1055 1299 1187 1328 Servum
1208 1296 1225 1327 a
1243 1306 1310 1338 quo
1320 1296 1470 1337 paullum

778 1339 949 1376 recesserat,
967 1350 1070 1384 quum
1081 1340 1198 1371 diceret
1208 1340 1260 1371 illa
1274 1338 1321 1376 irs.
1335 1347 1386 1369 66.
1398 1340 1472 1369 hunc

781 1384 958 1420 metuebam,
971 1392 1064 1415 vocat
1076 1384 1306 1415 Menaechmus.
1328 1381 1472 1424 Respon-

779 1426 834 1458 det
844 1427 899 1460 ille
909 1449 919 1460 ‚
929 1428 1003 1471 quid
1010 1429 1116 1469 negotii
1124 1428 1160 1467 est
1169 1433 1184 1458 ?
1200 1429 1232 1459 in
1242 1437 1309 1468 quo
1320 1427 1408 1458 nulla
1417 1437 1471 1468 ap-

782 1473 934 1513 paretira:
953 1471 1004 1502 sed
1015 1470 1399 1514 rogatfimpiiciter,quafi
1419 1471 1469 1502 di-

780 1521 839 1549 car,
850 1515 931 1556 quid
940 1525 992 1546 me
1001 1516 1047 1546 vis
1058 1516 1067 1545 Ξ
1079 1518 1177 1546 Merc.
1190 1525 1251 1546 1-2.
1266 1525 1276 1544 2
1287 1526 1319 1550 4.
1329 1511 1469 1545 Rursum

779 1556 952 1591 dominus:
976 1559 1033 1589 St!
1047 1558 1120 1597 fiire
1130 1561 1184 1592 vis,
1194 1557 1273 1601 quid
1284 1557 1321 1587 fit
1333 1558 1472 1598 negotii?

779 1601 888 1642 opima
909 1602 1264 1645 praedamihiobjieitur.
1287 1601 1388 1642 Qod
1398 1610 1469 1632 non

778 1643 940 1687 affequens
950 1645 1073 1682 servus,
1099 1646 1189 1686 Qid
1198 1656 1257 1685 ergo
1269 1644 1322 1681 est,
1346 1645 1466 1683 inquit,

778 1688 869 1730 q‘uod
878 1689 1035 1731 significas
1046 1690 1055 1719 Ξ
1067 1687 1204 1720 Rursum
1214 1688 1468 1729 dominus‚0pus

780 1731 815 1770 est
827 1743 881 1763 me
898 1733 954 1764 has
962 1732 1040 1764 aedes
1052 1731 1173 1775 ingredi
1184 1752 1193 1766 ,
1205 1741 1280 1762 cum
1295 1730 1422 1761 audacia
1432 1731 1467 1762 δε

777 1775 887 1807 astutia
898 1797 907 1812 ‚
920 1785 956 1807 ut
971 1775 1064 1817 quod
1081 1773 1375 1808 molior‚emoliar.
1397 1776 1468 1805 Ser-

778 1827 836 1850 vus
844 1829 884 1850 ne
900 1819 940 1850 fic
955 1819 1088 1861 quidem
1105 1819 1316 1861 cogitationes
1334 1815 1467 1848 domini

777 1872 851 1894 cum
862 1864 1040 1905 perciperet.
1056 1863 1145 1905 Qicl
1152 1870 1219 1905 opus
1229 1861 1274 1899 est,
1288 1862 1342 1892 ait.
1353 1863 1466 1904 Qm

775 1915 849 1937 cum
868 1906 1116 1949 aliquamdiufic
1131 1903 1266 1938 lusisset,
1291 1914 1324 1934 ac
1339 1903 1466 1946 suspen-

777 1946 847 1980 sum
857 1949 1016 1982 tenuisset,
1032 1951 1104 1984 Scio,
1113 1949 1302 1989 interponit,
1315 1957 1349 1978 ut
1361 1960 1406 1978 me
1416 1949 1462 1977 di-

775 2005 836 2027 ces,
859 1991 1103 2034 nempeperiisse
1119 1991 1268 2023 funditus
1281 2013 1290 2024 ,
1315 1992 1337 2023 fi
1349 1994 1464 2034 pedem

775 2035 909 2077 posuero
926 2037 1009 2066 intra
1019 2035 1465 2074 hoclimemsubjicitsexvus:

777 2081 868 2109 Tanto
876 2079 995 2121 nequior
1012 2091 1051 2109 es.
1075 2081 1140 2116 Eo,
1164 2080 1289 2121 inquit,
1315 2080 1402 2122 pejor
1418 2088 1464 2113 es,

775 2122 867 2165 quod
877 2121 949 2157 scis,
962 2133 1031 2164 qua:
1040 2122 1122 2154 dieta
1137 2125 1283 2154 merearis
1295 2143 1302 2155 ‚
1327 2132 1464 2166 quaeque

775 2175 834 2207 ego
846 2165 1033 2206 objurgandi
1043 2167 1092 2198 tui
1101 2164 1189 2197 causa
1199 2166 1338 2197 dicturus
1347 2167 1415 2198 iim:
1427 2167 1461 2198 δε

46 2206 176 2248 nequior.
215 2211 263 2241 Ita
282 2213 369 2244 enim
393 2211 613 2247 scribendum,
639 2221 706 2244 non
719 2233 729 2247 ‚
751 2217 755 2250 Q
776 2216 884 2240 tamen
900 2209 934 2240 in
953 2210 1036 2241 istud
1057 2210 1240 2240 barathrum
1260 2217 1291 2240 te
1314 2211 1460 2250 conjicis.

46 2256 128 2280 tanto
145 2253 264 2294 nequior
289 2264 331 2286 es.
361 2258 448 2287 Nam
465 2256 503 2287 de
525 2254 555 2286 se
573 2255 635 2287 hoc
655 2256 733 2288 dicit
773 2252 920 2283 Tandem
931 2250 1050 2285 fatetur
1065 2253 1180 2294 palam,
1193 2252 1283 2295 quod
1292 2255 1375 2294 prius
1390 2262 1459 2285 non

47 2294 287 2334 Menaechmus,
313 2307 383 2330 non
401 2299 440 2331 de
456 2298 544 2331 servo
553 2298 620 2330 suo.
647 2302 732 2330 Tan·
771 2295 1048 2328 fueratelocutus:
1067 2295 1304 2339 Habeopraedam.
1323 2299 1383 2329 Pro
1387 2298 1461 2337 fiire

45 2342 96 2373 to,
106 2339 214 2381 inquit
222 2362 231 2376 ,
242 2341 440 2383 nequiorfim
450 2364 458 2377 ,
470 2341 493 2373 fi
503 2343 565 2375 hoc
573 2341 629 2373 fiat
637 2341 728 2385 quod
773 2339 816 2368 vis
825 2346 890 2370 erat
901 2339 935 2370 in
951 2337 1061 2371 Mffi&
1071 2347 1147 2371 vett·
1157 2339 1366 2380 codd.suffliri
1375 2355 1384 2372 :
1398 2352 1459 2374 un-

46 2379 141 2414 dicis,
169 2391 281 2415 utnon
291 2383 398 2416 solum
407 2387 579 2419 meretricis
587 2385 727 2417 domum
771 2382 811 2413 de
827 2381 899 2414 satis
908 2383 1084 2416 commode
1104 2383 1239 2416 alterum
1249 2384 1457 2417 effinxerunt.

42 2423 200 2469 ingrediar
214 2448 225 2466 ‚
247 2427 299 2461 sed
315 2429 415 2461 etiam
431 2429 471 2463 ad
488 2430 730 2464 mendicitatem
768 2429 811 2460 At
832 2424 915 2459 illud
931 2428 1068 2458 mendices
1086 2426 1182 2460 nihili
1194 2427 1237 2461 est
1253 2449 1264 2465 ‚
1292 2439 1396 2471 quum
1419 2429 1455 2460 in

1032 2473 1063 2506 0
1074 2481 1095 2505 ο
1109 2481 1132 2509 4
1324 2472 1456 2515 optimo
