1649 2827
410 99 1026 161 ,PRoLonsg
1365 117 1455 165 552

116 173 164 220 Ei
183 173 271 220 sunt
293 171 375 220 nati
400 169 470 219 filii
488 172 644 234 gemini
663 174 768 226 duo,

118 241 177 281 Ita
191 236 324 282 forma
335 233 452 280 simili
462 237 577 298 pueri
595 266 609 287 ,
641 236 699 281 uti
710 248 836 280 mater
846 235 911 281 sua

51 305 109 337 20
121 300 225 344 Non
236 296 453 344 internosse
464 297 595 360 posset
604 332 615 351 ‚
640 312 731 360 quae
743 313 967 343 mammam
978 298 1096 345 dabat
1108 319 1122 358 3

119 362 268 422 Neque
280 361 383 405 adeo
396 375 522 405 mater
535 358 630 422 ipsa,
640 375 730 421 quae
740 358 829 405 illos
844 376 1067 422 pepererat:

118 423 179 470 Ut
191 423 357 484 quidem
370 423 436 468 ille
448 423 550 469 dixit
559 423 675 474 mihi,
691 423 762 484 qui
771 438 918 484 pueros
928 425 1097 470 viderat.

116 487 208 546 Ego
221 484 311 530 illos
323 502 411 531 non
421 486 501 532 vidi
520 518 534 539 ‚
556 501 607 531 ne
617 486 708 547 quis
718 484 897 531 vostrfim
911 485 1077 532 censeat.

117 548 342 609 Postquam
357 553 439 610 jam
453 550 564 610 pueri
573 546 809 610 septuennes
819 546 908 596 sunt
919 580 932 600 ,
953 563 1067 610 pater

51 617 76 647 2
83 620 104 664 5
122 611 317 656 Oneravit
328 627 474 656 navem
486 627 677 674 magnam
688 611 824 656 multis
847 610 1063 658 mercibus.

117 674 302 735 Imponit
313 673 481 720 alterum
492 675 703 736 geminum
716 675 758 718 in
770 688 913 719 navem
925 687 1038 735 pater
1047 706 1063 726 ‚

118 736 351 781 Tarentum
360 736 489 782 avexit
498 735 632 781 secum
649 737 698 780 ad
710 750 934 781 mercatum
945 734 1064 782 simul
1078 749 1091 779 x

117 796 238 842 Illum
248 799 407 860 reliquit
417 800 585 844 alterum
598 800 705 862 apud
718 811 889 843 matrem
900 799 1030 844 domi.

14 909 15 912 Ἰ
116 862 288 906 Tarenti
299 862 384 907 ludi
395 860 499 906 forte
511 877 636 916 erant,
644 877 776 923 quom
790 860 883 906 illuc
894 862 1003 908 venit
1014 878 1026 906 :

52 935 109 977 30
122 923 316 968 Mortales
328 924 460 975 multi,
472 938 516 969 ut
526 925 574 968 ad
584 924 717 976 ludos,
732 938 1023 970 convenerant.

117 987 222 1031 Puer
234 986 428 1032 aberravit
438 987 543 1032 inter
553 987 744 1034 homines
760 988 783 1031 a
803 1001 924 1049 patre.

115 1049 434 1110 Epidamnienfis
443 1050 608 1110 quidem
621 1049 677 1094 ibi
688 1065 887 1094 mercator
900 1049 975 1095 fuit
986 1064 998 1095 :

115 1113 152 1155 Is
162 1126 332 1171 puerum
345 1111 449 1157 tollit
464 1145 478 1165 ,
491 1112 705 1173 avehitque
714 1112 1018 1173 Epidamnium.
1216 1106 1455 1170 ἷέἕῆἒῧᾶἷῗιῖἷῂ

118 1176 234 1219 Pater
247 1178 330 1235 ejus
340 1189 491 1226 autem,
500 1174 716 1237 postquam
730 1189 901 1236 puerum
913 1173 1086 1236 perdidit
1095 1203 1111 1225 ,

50 1246 70 1288 3
82 1247 102 1290 5
121 1235 323 1280 Animum
335 1237 561 1298 despondit,
571 1239 701 1298 eaque
712 1238 744 1281 is
755 1237 991 1297 :egritudine

118 1299 258 1342 Paucis
270 1300 412 1344 diebus
425 1299 514 1360 post
527 1300 699 1345 Tarenti
712 1300 916 1344 emortuu'
928 1299 972 1344 st.

118 1360 339 1421 Postquam
350 1359 549 1422 Syracusas
560 1364 609 1407 de
621 1377 663 1406 re
674 1377 720 1406 ea
731 1363 902 1406 nuncius
921 1361 1024 1407 redit

118 1424 187 1467 Ad
201 1440 324 1469 avom
343 1439 562 1485 puerorum
578 1457 589 1476 ‚
603 1440 777 1486 puerum
787 1422 1024 1486 subreptum
1044 1421 1243 1476 alterum2'

0 1541 1 1544 Ἴ
117 1488 361 1546 Patremque
375 1488 488 1547 pueri
500 1489 671 1531 Tarenti
683 1485 762 1530 esse
782 1490 1017 1531 emortuum
1029 1517 1044 1537 ,

0 1544 7 1612 ᾗ
46 1561 106 1600 40
120 1551 314 1592 immutat
325 1564 484 1593 nomen
492 1564 588 1593 avos
600 1549 694 1592 huic
706 1548 874 1609 gemino
887 1547 1017 1593 alteri:

115 1613 173 1654 Ita
181 1610 293 1654 illum
303 1609 454 1662 dilexit,
467 1612 535 1670 qui
544 1607 748 1672 subreptus
757 1610 825 1661 est,
837 1609 1006 1655 alterum
1017 1642 1033 1663 ‚

114 1671 223 1717 Illius
232 1688 391 1717 nomen
399 1674 500 1717 indit
511 1671 564 1717 illi
577 1705 589 1724 ,
621 1674 692 1733 qui
703 1672 818 1717 domi
828 1672 884 1717 est
897 1690 908 1718 ε

119 1735 388 1780 Menaechmo
398 1737 507 1780 idem
519 1735 632 1795 quod
645 1735 756 1780 alteri
769 1750 928 1780 nomen
941 1734 1018 1780 fuit
1030 1776 1046 1796 ‚

116 1799 167 1842 Et
176 1797 276 1859 ipsus
289 1799 438 1843 eodem
449 1814 544 1842 avos
553 1797 609 1841 est
621 1812 786 1842 vocatus
794 1798 966 1842 nomine
983 1813 994 1841 ε

9 1859 15 1913 i
46 1872 100 1918 45
116 1861 334 1921 Propterea
343 1860 447 1905 iilius
456 1876 613 1905 nomen
625 1862 796 1905 memini
805 1858 958 1905 facilius
969 1892 984 1913 ,

14 1921 15 1927 ’
117 1925 233 1983 Qia
250 1922 363 1967 illum
387 1923 564 1968 clamore
587 1923 670 1969 vidi
690 1921 916 1984 flagitarier.

116 1986 187 2029 Ne
201 2001 304 2029 mox
316 1987 452 2031 erretis
462 2018 474 2036 ,
507 1989 592 2045 jam
601 2002 713 2031 nunc
724 1985 900 2047 praedico
912 1984 1032 2046 prius.

12 2047 17 2102 ’ξ
75 2074 77 2077 »
117 2048 235 2091 Idem
247 2049 302 2091 est
311 2047 517 2093 ambobus
529 2064 688 2093 nomen
697 2047 870 2109 geminis
881 2047 1077 2091 fratribus.

13 2104 18 2157 f‘
116 2109 245 2153 Nunc
254 2110 299 2154 in
312 2111 588 2172 Epidamnum
598 2111 769 2173 pedibus
780 2109 1036 2153 redeundum
1053 2106 1109 2154 est
1121 2105 1237 2153 mihi.

14 2184 16 2201 ¹
48 2184 72 2230 5
80 2185 107 2213 0
117 2170 180 2217 Ut
192 2171 295 2216 hanc
305 2188 392 2217 rem
400 2172 517 2217 vobis
548 2171 792 2218 examussim
808 2168 1017 2233 disputem.

16 2238 27 2295 '3
119 2233 263 2295 Siquis
273 2235 373 2297 quid
384 2234 564 2284 vostrum
574 2235 850 2298 Epidamnum
876 2234 1003 2279 curari
1014 2231 1091 2280 fibi
1322 2295 1363 2340 v
1387 2293 1413 2339 1,
1445 2295 1456 2310 Ἰ

20 2315 24 2327 ,,
1364 2306 1454 2345 eit,

23 2435 25 2439 «
89 2412 145 2458 41?-
165 2408 438 2454 Flagitarier.]1²ex
454 2410 736 2456 praeconesprocia-
822 2421 879 2448 49.
918 2410 1039 2444 Pedibus
1068 2410 1243 2443 redeundum
1272 2410 1317 2451 est!
1347 2406 1459 2452 mihi]

23 2465 26 2481 ς
48 2455 712 2498 man:utGytonille,apudl²etton.Douz.
782 2454 907 2489 Alludit
925 2455 964 2489 ad
976 2455 1070 2499 pedes
1084 2456 1276 2491 carminum.
1299 2457 1334 2487 T.

1323 2509 1375 2539 54-
1389 2496 1466 2541 ‘Risi
