<?xml version="1.0" encoding="UTF-8"?>
<!DOCTYPE html PUBLIC "-//W3C//DTD XHTML 1.0 Transitional//EN"
    "http://www.w3.org/TR/xhtml1/DTD/xhtml1-transitional.dtd">
<html xmlns="http://www.w3.org/1999/xhtml" xml:lang="en" lang="en">
 <head>
  <title>
</title>
<meta http-equiv="Content-Type" content="text/html;charset=utf-8" />
  <meta name='ocr-system' content='tesseract 3.04.00' />
  <meta name='ocr-capabilities' content='ocr_page ocr_carea ocr_par ocr_line ocrx_word'/>
</head>
<body>
  <div class='ocr_page' id='page_1' title='image "./macciplauticomdi01plau_0509.png"; bbox 0 0 1649 2827; ppageno 0'>
   <div class='ocr_carea' id='block_1_1' title="bbox 358 56 1115 109">
    <p class='ocr_par' dir='ltr' id='par_1_1' title="bbox 358 56 1115 109">
     <span class='ocr_line' id='line_1_1' title="bbox 358 56 1115 109; baseline 0.003 -2"><span class='ocrx_word' id='word_1_1' title='bbox 358 59 714 107; x_wconf 70' lang='lat' dir='ltr'>Acruslv.</span> <span class='ocrx_word' id='word_1_2' title='bbox 756 56 1115 109; x_wconf 73' lang='lat' dir='ltr'>SCENAIX.</span> 
     </span>
    </p>
   </div>
   <div class='ocr_carea' id='block_1_2' title="bbox 65 131 1078 254">
    <p class='ocr_par' dir='ltr' id='par_1_2' title="bbox 65 131 1078 254">
     <span class='ocr_line' id='line_1_2' title="bbox 132 131 1067 197; baseline -0.003 -15"><span class='ocrx_word' id='word_1_3' title='bbox 132 136 249 182; x_wconf 76' lang='lat' dir='ltr'>Pater</span> <span class='ocrx_word' id='word_1_4' title='bbox 264 135 461 180; x_wconf 84' lang='lat' dir='ltr'>ducentos</span> <span class='ocrx_word' id='word_1_5' title='bbox 483 134 694 196; x_wconf 85' lang='lat' dir='ltr'>Philippos</span> <span class='ocrx_word' id='word_1_6' title='bbox 711 134 846 197; x_wconf 87' lang='lat' dir='ltr'>quaeso</span> <span class='ocrx_word' id='word_1_7' title='bbox 873 131 1067 195; x_wconf 78' lang='lat' dir='ltr'>Chrysalo</span> 
     </span>
     <span class='ocr_line' id='line_1_3' title="bbox 65 197 1078 254; baseline -0.001 -10"><span class='ocrx_word' id='word_1_8' title='bbox 65 208 119 254; x_wconf 86' lang='lat'>75</span> <span class='ocrx_word' id='word_1_9' title='bbox 135 201 200 244; x_wconf 84' lang='lat' dir='ltr'>Da</span> <span class='ocrx_word' id='word_1_10' title='bbox 211 231 224 251; x_wconf 91' lang='lat'>‚</span> <span class='ocrx_word' id='word_1_11' title='bbox 255 198 283 242; x_wconf 84' lang='lat' dir='ltr'>fi</span> <span class='ocrx_word' id='word_1_12' title='bbox 296 198 374 243; x_wconf 86' lang='lat' dir='ltr'>esse</span> <span class='ocrx_word' id='word_1_13' title='bbox 383 198 534 244; x_wconf 68' lang='lat' dir='ltr'>fialvom</span> <span class='ocrx_word' id='word_1_14' title='bbox 547 198 605 242; x_wconf 89' lang='lat' dir='ltr'>vis</span> <span class='ocrx_word' id='word_1_15' title='bbox 619 213 686 242; x_wconf 88' lang='lat' dir='ltr'>me</span> <span class='ocrx_word' id='word_1_16' title='bbox 696 230 710 250; x_wconf 90' lang='lat'>‚</span> <span class='ocrx_word' id='word_1_17' title='bbox 739 211 807 242; x_wconf 86' lang='lat' dir='ltr'>aut</span> <span class='ocrx_word' id='word_1_18' title='bbox 818 198 980 243; x_wconf 83' lang='lat' dir='ltr'>vitalem</span> <span class='ocrx_word' id='word_1_19' title='bbox 992 197 1078 243; x_wconf 88' lang='lat' dir='ltr'>tibi.</span> 
     </span>
    </p>
   </div>
   <div class='ocr_carea' id='block_1_3' title="bbox 63 253 1446 700">
    <p class='ocr_par' dir='ltr' id='par_1_3' title="bbox 63 253 1446 700">
     <span class='ocr_line' id='line_1_4' title="bbox 134 253 1446 328; baseline 0.005 -22"><span class='ocrx_word' id='word_1_20' title='bbox 134 261 220 306; x_wconf 73' lang='lat' dir='ltr'>Cn.</span> <span class='ocrx_word' id='word_1_21' title='bbox 241 259 401 306; x_wconf 83' lang='lat' dir='ltr'>Malum</span> <span class='ocrx_word' id='word_1_22' title='bbox 415 261 584 323; x_wconf 83' lang='lat' dir='ltr'>quidem</span> <span class='ocrx_word' id='word_1_23' title='bbox 599 253 731 306; x_wconf 76' lang='lat' dir='ltr'>hercle</span> <span class='ocrx_word' id='word_1_24' title='bbox 756 275 955 321; x_wconf 81' lang='lat' dir='ltr'>magnum</span> <span class='ocrx_word' id='word_1_25' title='bbox 967 293 980 314; x_wconf 91' lang='lat'>,</span> <span class='ocrx_word' id='word_1_26' title='bbox 1015 261 1088 307; x_wconf 89' lang='lat' dir='ltr'>tibi</span> <span class='ocrx_word' id='word_1_27' title='bbox 1112 260 1215 308; x_wconf 87' lang='lat' dir='ltr'>dico.</span> <span class='ocrx_word' id='word_1_28' title='bbox 1247 262 1321 308; x_wconf 81' lang='lat' dir='ltr'>Nx.</span> <span class='ocrx_word' id='word_1_29' title='bbox 1345 267 1446 328; x_wconf 87' lang='lat' dir='ltr'>quid</span> 
     </span>
     <span class='ocr_line' id='line_1_5' title="bbox 307 323 395 370; baseline 0.023 -2"><span class='ocrx_word' id='word_1_30' title='bbox 307 323 363 368; x_wconf 84' lang='lat' dir='ltr'>est</span> <span class='ocrx_word' id='word_1_31' title='bbox 382 336 395 370; x_wconf 70' lang='grc' dir='ltr'>Ξ</span> 
     </span>
     <span class='ocr_line' id='line_1_6' title="bbox 130 383 1300 449; baseline 0.005 -20"><span class='ocrx_word' id='word_1_32' title='bbox 130 383 217 429; x_wconf 72' lang='lat' dir='ltr'>CH.</span> <span class='ocrx_word' id='word_1_33' title='bbox 237 386 342 430; x_wconf 86' lang='lat' dir='ltr'>Non</span> <span class='ocrx_word' id='word_1_34' title='bbox 356 387 463 449; x_wconf 89' lang='lat' dir='ltr'>prius</span> <span class='ocrx_word' id='word_1_35' title='bbox 472 385 632 431; x_wconf 81' lang='lat' dir='ltr'>salutem</span> <span class='ocrx_word' id='word_1_36' title='bbox 645 383 818 446; x_wconf 79' lang='lat' dir='ltr'>scripsit?</span> <span class='ocrx_word' id='word_1_37' title='bbox 852 386 925 431; x_wconf 90' lang='lat' dir='ltr'>N1.</span> <span class='ocrx_word' id='word_1_38' title='bbox 950 385 1149 448; x_wconf 81' lang='lat' dir='ltr'>nusquam</span> <span class='ocrx_word' id='word_1_39' title='bbox 1160 385 1300 435; x_wconf 77' lang='lat' dir='ltr'>sentio,</span> 
     </span>
     <span class='ocr_line' id='line_1_7' title="bbox 131 447 1194 511; baseline 0.005 -20"><span class='ocrx_word' id='word_1_40' title='bbox 131 447 220 493; x_wconf 81' lang='lat' dir='ltr'>CH.</span> <span class='ocrx_word' id='word_1_41' title='bbox 240 449 346 494; x_wconf 88' lang='lat' dir='ltr'>Non</span> <span class='ocrx_word' id='word_1_42' title='bbox 358 449 483 503; x_wconf 82' lang='lat' dir='ltr'>dabis,</span> <span class='ocrx_word' id='word_1_43' title='bbox 494 449 520 494; x_wconf 86' lang='lat' dir='ltr'>fi</span> <span class='ocrx_word' id='word_1_44' title='bbox 532 448 563 495; x_wconf 67' lang='lat' dir='ltr'>si</span> <span class='ocrx_word' id='word_1_45' title='bbox 570 466 652 511; x_wconf 85' lang='lat' dir='ltr'>pies</span> <span class='ocrx_word' id='word_1_46' title='bbox 666 467 677 504; x_wconf 80' lang='lat'>3</span> <span class='ocrx_word' id='word_1_47' title='bbox 699 462 837 493; x_wconf 81' lang='lat' dir='ltr'>vetum</span> <span class='ocrx_word' id='word_1_48' title='bbox 854 448 881 494; x_wconf 83' lang='lat' dir='ltr'>fi</span> <span class='ocrx_word' id='word_1_49' title='bbox 894 452 962 495; x_wconf 77' lang='lat' dir='ltr'>das</span> <span class='ocrx_word' id='word_1_50' title='bbox 975 466 1169 496; x_wconf 79' lang='lat' dir='ltr'>maxume</span> <span class='ocrx_word' id='word_1_51' title='bbox 1179 484 1194 504; x_wconf 89' lang='lat'>‚</span> 
     </span>
     <span class='ocr_line' id='line_1_8' title="bbox 133 510 1101 575; baseline 0.003 -20"><span class='ocrx_word' id='word_1_52' title='bbox 133 510 212 555; x_wconf 85' lang='lat' dir='ltr'>Nae</span> <span class='ocrx_word' id='word_1_53' title='bbox 224 510 288 556; x_wconf 88' lang='lat' dir='ltr'>ille</span> <span class='ocrx_word' id='word_1_54' title='bbox 299 511 421 562; x_wconf 85' lang='lat' dir='ltr'>alium</span> <span class='ocrx_word' id='word_1_55' title='bbox 436 513 621 575; x_wconf 78' lang='lat' dir='ltr'>gerulum</span> <span class='ocrx_word' id='word_1_56' title='bbox 635 526 799 573; x_wconf 80' lang='lat' dir='ltr'>quaerat‚</span> <span class='ocrx_word' id='word_1_57' title='bbox 812 510 839 556; x_wconf 87' lang='lat' dir='ltr'>fi</span> <span class='ocrx_word' id='word_1_58' title='bbox 852 512 981 573; x_wconf 79' lang='lat' dir='ltr'>sapiet,</span> <span class='ocrx_word' id='word_1_59' title='bbox 1003 511 1101 558; x_wconf 83' lang='lat' dir='ltr'>fibi:</span> 
     </span>
     <span class='ocr_line' id='line_1_9' title="bbox 63 568 1140 636; baseline 0.006 -23"><span class='ocrx_word' id='word_1_60' title='bbox 63 568 121 613; x_wconf 84' lang='lat'>80</span> <span class='ocrx_word' id='word_1_61' title='bbox 136 574 246 617; x_wconf 85' lang='lat' dir='ltr'>Nam</span> <span class='ocrx_word' id='word_1_62' title='bbox 261 590 340 636; x_wconf 82' lang='lat' dir='ltr'>ego</span> <span class='ocrx_word' id='word_1_63' title='bbox 353 593 442 621; x_wconf 85' lang='lat' dir='ltr'>non</span> <span class='ocrx_word' id='word_1_64' title='bbox 453 576 599 622; x_wconf 84' lang='lat' dir='ltr'>laturus</span> <span class='ocrx_word' id='word_1_65' title='bbox 610 573 696 619; x_wconf 84' lang='lat' dir='ltr'>sum</span> <span class='ocrx_word' id='word_1_66' title='bbox 706 607 718 625; x_wconf 90' lang='lat'>‚</span> <span class='ocrx_word' id='word_1_67' title='bbox 731 573 759 619; x_wconf 86' lang='lat' dir='ltr'>si</span> <span class='ocrx_word' id='word_1_68' title='bbox 781 576 918 635; x_wconf 79' lang='lat' dir='ltr'>jubeas</span> <span class='ocrx_word' id='word_1_69' title='bbox 931 591 1140 621; x_wconf 80' lang='lat' dir='ltr'><strong>maxume.</strong></span> 
     </span>
     <span class='ocr_line' id='line_1_10' title="bbox 128 635 972 700; baseline 0.004 -20"><span class='ocrx_word' id='word_1_70' title='bbox 128 636 197 681; x_wconf 79' lang='lat' dir='ltr'>Sat</span> <span class='ocrx_word' id='word_1_71' title='bbox 212 635 266 682; x_wconf 85' lang='lat' dir='ltr'>fic</span> <span class='ocrx_word' id='word_1_72' title='bbox 277 638 473 700; x_wconf 68' lang='lat' dir='ltr'>luspectus</span> <span class='ocrx_word' id='word_1_73' title='bbox 482 638 582 691; x_wconf 83' lang='lat' dir='ltr'>sum,</span> <span class='ocrx_word' id='word_1_74' title='bbox 592 654 686 683; x_wconf 87' lang='lat' dir='ltr'>cum</span> <span class='ocrx_word' id='word_1_75' title='bbox 699 654 816 683; x_wconf 81' lang='lat' dir='ltr'>careo</span> <span class='ocrx_word' id='word_1_76' title='bbox 830 639 972 684; x_wconf 62' lang='lat' dir='ltr'>noxifi..</span> 
     </span>
    </p>
   </div>
   <div class='ocr_carea' id='block_1_4' title="bbox 1 699 1387 1453">
    <p class='ocr_par' dir='ltr' id='par_1_4' title="bbox 1 699 1387 1453">
     <span class='ocr_line' id='line_1_11' title="bbox 129 699 1387 766; baseline 0.005 -22"><span class='ocrx_word' id='word_1_77' title='bbox 129 699 206 745; x_wconf 73' lang='grc' dir='ltr'>Νι.</span> <span class='ocrx_word' id='word_1_78' title='bbox 225 702 414 747; x_wconf 85' lang='lat' dir='ltr'>Aulculta</span> <span class='ocrx_word' id='word_1_79' title='bbox 425 703 676 764; x_wconf 83' lang='lat' dir='ltr'>porro,dum</span> <span class='ocrx_word' id='word_1_80' title='bbox 694 700 1095 764; x_wconf 82' lang='lat' dir='ltr'>hocquodscriptum</span> <span class='ocrx_word' id='word_1_81' title='bbox 1107 700 1162 746; x_wconf 89' lang='lat' dir='ltr'>est</span> <span class='ocrx_word' id='word_1_82' title='bbox 1174 734 1187 753; x_wconf 85' lang='lat'>‚</span> <span class='ocrx_word' id='word_1_83' title='bbox 1210 701 1387 766; x_wconf 78' lang='lat' dir='ltr'>pellego.</span> 
     </span>
     <span class='ocr_line' id='line_1_12' title="bbox 128 761 1184 827; baseline 0.003 -21"><span class='ocrx_word' id='word_1_84' title='bbox 128 761 217 808; x_wconf 79' lang='lat' dir='ltr'>CH.</span> <span class='ocrx_word' id='word_1_85' title='bbox 237 764 338 808; x_wconf 84' lang='lat' dir='ltr'>Inde</span> <span class='ocrx_word' id='word_1_86' title='bbox 356 766 379 810; x_wconf 75' lang='grc' dir='ltr'>ὲι</span> <span class='ocrx_word' id='word_1_87' title='bbox 407 765 605 827; x_wconf 87' lang='lat' dir='ltr'>principio</span> <span class='ocrx_word' id='word_1_88' title='bbox 622 765 934 825; x_wconf 82' lang='lat' dir='ltr'>jamimpudens</span> <span class='ocrx_word' id='word_1_89' title='bbox 946 763 1184 826; x_wconf 86' lang='lat' dir='ltr'>epistolaest.</span> 
     </span>
     <span class='ocr_line' id='line_1_13' title="bbox 127 825 1193 890; baseline 0.005 -22"><span class='ocrx_word' id='word_1_90' title='bbox 127 825 202 871; x_wconf 75' lang='lat' dir='ltr'>Ni.</span> <span class='ocrx_word' id='word_1_91' title='bbox 219 828 347 872; x_wconf 85' lang='lat' dir='ltr'>Pudet</span> <span class='ocrx_word' id='word_1_92' title='bbox 357 829 519 889; x_wconf 85' lang='lat' dir='ltr'>prodite</span> <span class='ocrx_word' id='word_1_93' title='bbox 533 844 600 873; x_wconf 88' lang='lat' dir='ltr'>me</span> <span class='ocrx_word' id='word_1_94' title='bbox 612 828 660 871; x_wconf 79' lang='lat' dir='ltr'>ad</span> <span class='ocrx_word' id='word_1_95' title='bbox 672 842 711 872; x_wconf 85' lang='lat' dir='ltr'>te</span> <span class='ocrx_word' id='word_1_96' title='bbox 724 830 766 871; x_wconf 87' lang='lat' dir='ltr'>in</span> <span class='ocrx_word' id='word_1_97' title='bbox 778 825 1061 889; x_wconf 66' lang='lat' dir='ltr'>conspetstum,</span> <span class='ocrx_word' id='word_1_98' title='bbox 1071 842 1193 890; x_wconf 82' lang='lat' dir='ltr'>pater.</span> 
     </span>
     <span class='ocr_line' id='line_1_14' title="bbox 1 878 1003 952; baseline 0.004 -21"><span class='ocrx_word' id='word_1_99' title='bbox 1 878 5 931; x_wconf 67' lang='lat' dir='ltr'>i</span> <span class='ocrx_word' id='word_1_100' title='bbox 60 881 85 926; x_wconf 76' lang='grc'>8</span> <span class='ocrx_word' id='word_1_101' title='bbox 89 898 110 941; x_wconf 82' lang='lat'><em>5</em></span> <span class='ocrx_word' id='word_1_102' title='bbox 129 888 314 933; x_wconf 82' lang='lat' dir='ltr'>Tantum</span> <span class='ocrx_word' id='word_1_103' title='bbox 326 889 521 952; x_wconf 75' lang='lat' dir='ltr'>flagitium</span> <span class='ocrx_word' id='word_1_104' title='bbox 535 905 574 935; x_wconf 86' lang='lat' dir='ltr'>te</span> <span class='ocrx_word' id='word_1_105' title='bbox 585 890 677 935; x_wconf 82' lang='lat' dir='ltr'>scire</span> <span class='ocrx_word' id='word_1_106' title='bbox 691 891 821 935; x_wconf 84' lang='lat' dir='ltr'>audivi</span> <span class='ocrx_word' id='word_1_107' title='bbox 832 907 978 945; x_wconf 84' lang='lat' dir='ltr'>meum</span> <span class='ocrx_word' id='word_1_108' title='bbox 988 923 1003 942; x_wconf 85' lang='lat'>‚</span> 
     </span>
     <span class='ocr_line' id='line_1_15' title="bbox 127 952 1020 1015; baseline 0.004 -20"><span class='ocrx_word' id='word_1_109' title='bbox 127 952 258 1015; x_wconf 82' lang='lat' dir='ltr'>Qod</span> <span class='ocrx_word' id='word_1_110' title='bbox 270 968 366 998; x_wconf 87' lang='lat' dir='ltr'>curn</span> <span class='ocrx_word' id='word_1_111' title='bbox 379 954 579 1015; x_wconf 80' lang='lat' dir='ltr'>peregrini</span> <span class='ocrx_word' id='word_1_112' title='bbox 597 953 718 998; x_wconf 88' lang='lat' dir='ltr'>cubui</span> <span class='ocrx_word' id='word_1_113' title='bbox 731 969 859 997; x_wconf 82' lang='lat' dir='ltr'>uxore</span> <span class='ocrx_word' id='word_1_114' title='bbox 874 954 1020 999; x_wconf 86' lang='lat' dir='ltr'>militis.</span> 
     </span>
     <span class='ocr_line' id='line_1_16' title="bbox 127 1014 1059 1062; baseline 0.001 -2"><span class='ocrx_word' id='word_1_115' title='bbox 127 1014 201 1060; x_wconf 78' lang='lat' dir='ltr'>Ni.</span> <span class='ocrx_word' id='word_1_116' title='bbox 224 1014 417 1060; x_wconf 83' lang='lat' dir='ltr'>Polhaud</span> <span class='ocrx_word' id='word_1_117' title='bbox 434 1017 603 1062; x_wconf 77' lang='lat' dir='ltr'>derides.</span> <span class='ocrx_word' id='word_1_118' title='bbox 632 1032 728 1061; x_wconf 78' lang='lat' dir='ltr'>nain</span> <span class='ocrx_word' id='word_1_119' title='bbox 740 1018 921 1061; x_wconf 85' lang='lat' dir='ltr'>ducentis</span> <span class='ocrx_word' id='word_1_120' title='bbox 932 1017 1059 1062; x_wconf 84' lang='lat' dir='ltr'>aureis</span> 
     </span>
     <span class='ocr_line' id='line_1_17' title="bbox 125 1075 995 1141; baseline 0.003 -21"><span class='ocrx_word' id='word_1_121' title='bbox 125 1075 322 1138; x_wconf 79' lang='lat' dir='ltr'>Philippis</span> <span class='ocrx_word' id='word_1_122' title='bbox 332 1081 487 1123; x_wconf 82' lang='lat' dir='ltr'>redemi</span> <span class='ocrx_word' id='word_1_123' title='bbox 508 1081 630 1124; x_wconf 80' lang='lat' dir='ltr'>vitam</span> <span class='ocrx_word' id='word_1_124' title='bbox 642 1096 692 1124; x_wconf 83' lang='lat' dir='ltr'>ex</span> <span class='ocrx_word' id='word_1_125' title='bbox 703 1078 857 1141; x_wconf 82' lang='lat' dir='ltr'>flagitio</span> <span class='ocrx_word' id='word_1_126' title='bbox 871 1094 995 1123; x_wconf 81' lang='lat' dir='ltr'>tuam.</span> 
     </span>
     <span class='ocr_line' id='line_1_18' title="bbox 125 1139 1080 1205; baseline 0.006 -23"><span class='ocrx_word' id='word_1_127' title='bbox 125 1139 213 1184; x_wconf 78' lang='lat' dir='ltr'>CH.</span> <span class='ocrx_word' id='word_1_128' title='bbox 245 1141 358 1185; x_wconf 85' lang='lat' dir='ltr'>Nihil</span> <span class='ocrx_word' id='word_1_129' title='bbox 371 1142 611 1192; x_wconf 86' lang='lat' dir='ltr'>estillorum,</span> <span class='ocrx_word' id='word_1_130' title='bbox 622 1144 724 1204; x_wconf 84' lang='lat' dir='ltr'>quin</span> <span class='ocrx_word' id='word_1_131' title='bbox 737 1159 816 1205; x_wconf 82' lang='lat' dir='ltr'>ego</span> <span class='ocrx_word' id='word_1_132' title='bbox 827 1140 1080 1188; x_wconf 51' lang='lat' dir='ltr'>illidixetimss</span> 
     </span>
     <span class='ocr_line' id='line_1_19' title="bbox 6 1203 1041 1266; baseline 0.002 -20"><span class='ocrx_word' id='word_1_133' title='bbox 6 1218 10 1253; x_wconf 61' lang='lat'>5</span> <span class='ocrx_word' id='word_1_134' title='bbox 53 1212 113 1256; x_wconf 79' lang='lat'>90</span> <span class='ocrx_word' id='word_1_135' title='bbox 126 1203 201 1247; x_wconf 83' lang='lat' dir='ltr'>Ni.</span> <span class='ocrx_word' id='word_1_136' title='bbox 220 1203 347 1248; x_wconf 83' lang='lat' dir='ltr'>Stulte</span> <span class='ocrx_word' id='word_1_137' title='bbox 359 1204 491 1250; x_wconf 85' lang='lat' dir='ltr'>fecisse</span> <span class='ocrx_word' id='word_1_138' title='bbox 506 1206 640 1250; x_wconf 82' lang='lat' dir='ltr'>fateor.</span> <span class='ocrx_word' id='word_1_139' title='bbox 655 1203 718 1250; x_wconf 86' lang='lat' dir='ltr'>sed</span> <span class='ocrx_word' id='word_1_140' title='bbox 733 1203 868 1266; x_wconf 84' lang='lat' dir='ltr'>quaeso</span> <span class='ocrx_word' id='word_1_141' title='bbox 879 1235 892 1256; x_wconf 90' lang='lat'>‚</span> <span class='ocrx_word' id='word_1_142' title='bbox 907 1220 1041 1265; x_wconf 80' lang='lat' dir='ltr'>patet,</span> 
     </span>
     <span class='ocr_line' id='line_1_20' title="bbox 6 1266 934 1328; baseline 0.003 -19"><span class='ocrx_word' id='word_1_143' title='bbox 6 1274 8 1281; x_wconf 79' lang='grc'>’</span> <span class='ocrx_word' id='word_1_144' title='bbox 124 1266 195 1310; x_wconf 89' lang='lat' dir='ltr'>Ne</span> <span class='ocrx_word' id='word_1_145' title='bbox 205 1268 324 1310; x_wconf 84' lang='lat' dir='ltr'>mein</span> <span class='ocrx_word' id='word_1_146' title='bbox 335 1266 492 1312; x_wconf 53' lang='lat' dir='ltr'>stultitia</span> <span class='ocrx_word' id='word_1_147' title='bbox 503 1299 514 1317; x_wconf 90' lang='lat'><strong>,</strong></span> <span class='ocrx_word' id='word_1_148' title='bbox 548 1266 576 1311; x_wconf 87' lang='lat' dir='ltr'>si</span> <span class='ocrx_word' id='word_1_149' title='bbox 586 1268 759 1328; x_wconf 87' lang='lat' dir='ltr'>deliqui,</span> <span class='ocrx_word' id='word_1_150' title='bbox 771 1269 934 1312; x_wconf 72' lang='lat' dir='ltr'>deseras.</span> 
     </span>
     <span class='ocr_line' id='line_1_21' title="bbox 119 1326 1130 1392; baseline 0 -20"><span class='ocrx_word' id='word_1_151' title='bbox 119 1328 211 1390; x_wconf 86' lang='lat' dir='ltr'>Ego</span> <span class='ocrx_word' id='word_1_152' title='bbox 220 1330 363 1373; x_wconf 87' lang='lat' dir='ltr'>animo</span> <span class='ocrx_word' id='word_1_153' title='bbox 374 1331 540 1392; x_wconf 82' lang='lat' dir='ltr'>cupido,</span> <span class='ocrx_word' id='word_1_154' title='bbox 551 1344 669 1392; x_wconf 77' lang='lat' dir='ltr'>atque</span> <span class='ocrx_word' id='word_1_155' title='bbox 680 1329 803 1375; x_wconf 90' lang='lat' dir='ltr'>oculis</span> <span class='ocrx_word' id='word_1_156' title='bbox 814 1329 1027 1373; x_wconf 82' lang='lat' dir='ltr'>indomitis</span> <span class='ocrx_word' id='word_1_157' title='bbox 1049 1326 1105 1373; x_wconf 85' lang='lat' dir='ltr'>fui</span> <span class='ocrx_word' id='word_1_158' title='bbox 1118 1345 1130 1372; x_wconf 70' lang='grc' dir='ltr'><strong>ι</strong></span> 
     </span>
     <span class='ocr_line' id='line_1_22' title="bbox 120 1389 1147 1453; baseline 0.002 -19"><span class='ocrx_word' id='word_1_159' title='bbox 120 1389 351 1436; x_wconf 82' lang='lat' dir='ltr'>Persuasum</span> <span class='ocrx_word' id='word_1_160' title='bbox 365 1393 418 1437; x_wconf 88' lang='lat' dir='ltr'>est</span> <span class='ocrx_word' id='word_1_161' title='bbox 429 1393 572 1444; x_wconf 83' lang='lat' dir='ltr'>facere,</span> <span class='ocrx_word' id='word_1_162' title='bbox 583 1409 630 1436; x_wconf 81' lang='lat' dir='ltr'>cu</span> <span class='ocrx_word' id='word_1_163' title='bbox 635 1397 695 1452; x_wconf 84' lang='lat' dir='ltr'>jus</span> <span class='ocrx_word' id='word_1_164' title='bbox 705 1409 813 1437; x_wconf 84' lang='lat' dir='ltr'>nunc</span> <span class='ocrx_word' id='word_1_165' title='bbox 824 1408 891 1437; x_wconf 86' lang='lat' dir='ltr'>me</span> <span class='ocrx_word' id='word_1_166' title='bbox 904 1392 997 1438; x_wconf 60' lang='lat' dir='ltr'>facili·</span> <span class='ocrx_word' id='word_1_167' title='bbox 1009 1392 1147 1453; x_wconf 85' lang='lat' dir='ltr'>pudet.</span> 
     </span>
    </p>
   </div>
   <div class='ocr_carea' id='block_1_5' title="bbox 121 1453 1437 1561">
    <p class='ocr_par' dir='ltr' id='par_1_5' title="bbox 121 1453 1437 1561">
     <span class='ocr_line' id='line_1_23' title="bbox 121 1453 1437 1560; baseline 0.001 -63"><span class='ocrx_word' id='word_1_168' title='bbox 121 1453 154 1496; x_wconf 94' lang='lat' dir='ltr'>P</span> <span class='ocrx_word' id='word_1_169' title='bbox 166 1454 334 1560; x_wconf 77' lang='lat' dir='ltr'>RIUSf</span> <span class='ocrx_word' id='word_1_170' title='bbox 357 1457 399 1498; x_wconf 90' lang='lat' dir='ltr'><strong>T</strong></span> <span class='ocrx_word' id='word_1_171' title='bbox 414 1458 445 1499; x_wconf 79' lang='lat' dir='ltr'>E</span> <span class='ocrx_word' id='word_1_172' title='bbox 477 1456 516 1502; x_wconf 86' lang='lat' dir='ltr'><strong>C</strong></span> <span class='ocrx_word' id='word_1_173' title='bbox 531 1457 572 1499; x_wconf 88' lang='lat' dir='ltr'><strong>A</strong></span> <span class='ocrx_word' id='word_1_174' title='bbox 584 1460 623 1500; x_wconf 92' lang='lat' dir='ltr'>V</span> <span class='ocrx_word' id='word_1_175' title='bbox 638 1461 652 1500; x_wconf 91' lang='lat'><em>1</em></span> <span class='ocrx_word' id='word_1_176' title='bbox 668 1459 692 1501; x_wconf 75' lang='lat' dir='ltr'>S</span> <span class='ocrx_word' id='word_1_177' title='bbox 704 1458 772 1501; x_wconf 78' lang='lat' dir='ltr'>SE</span> <span class='ocrx_word' id='word_1_178' title='bbox 804 1470 903 1517; x_wconf 84' lang='lat' dir='ltr'>ergo</span> <span class='ocrx_word' id='word_1_179' title='bbox 928 1471 1054 1516; x_wconf 82' lang='lat' dir='ltr'>quam</span> <span class='ocrx_word' id='word_1_180' title='bbox 1070 1455 1223 1515; x_wconf 85' lang='lat' dir='ltr'>pudere</span> <span class='ocrx_word' id='word_1_181' title='bbox 1235 1484 1247 1505; x_wconf 86' lang='lat'>‚</span> <span class='ocrx_word' id='word_1_182' title='bbox 1269 1467 1437 1515; x_wconf 82' lang='lat' dir='ltr'>aequom</span> 
     </span>
     <span class='ocr_line' id='line_1_24' title="bbox 331 1532 400 1561; baseline -0.014 -1"><span class='ocrx_word' id='word_1_183' title='bbox 331 1532 400 1561; x_wconf 88' lang='lat' dir='ltr'>uit.</span> 
     </span>
    </p>
   </div>
   <div class='ocr_carea' id='block_1_6' title="bbox 9 1577 1425 2001">
    <p class='ocr_par' dir='ltr' id='par_1_6' title="bbox 9 1577 1425 2001">
     <span class='ocr_line' id='line_1_25' title="bbox 9 1577 1116 1634; baseline 0.001 -13"><span class='ocrx_word' id='word_1_184' title='bbox 9 1586 15 1621; x_wconf 76' lang='grc' dir='ltr'>’τ</span> <span class='ocrx_word' id='word_1_185' title='bbox 53 1589 108 1634; x_wconf 85' lang='lat'>95</span> <span class='ocrx_word' id='word_1_186' title='bbox 126 1578 211 1623; x_wconf 79' lang='lat' dir='ltr'>CH.</span> <span class='ocrx_word' id='word_1_187' title='bbox 230 1579 380 1623; x_wconf 80' lang='lat' dir='ltr'>Eadem</span> <span class='ocrx_word' id='word_1_188' title='bbox 393 1579 494 1623; x_wconf 83' lang='lat' dir='ltr'>istaec</span> <span class='ocrx_word' id='word_1_189' title='bbox 504 1577 625 1623; x_wconf 77' lang='lat' dir='ltr'>verba</span> <span class='ocrx_word' id='word_1_190' title='bbox 636 1579 791 1624; x_wconf 84' lang='lat' dir='ltr'>dudum</span> <span class='ocrx_word' id='word_1_191' title='bbox 804 1577 1116 1622; x_wconf 81' lang='lat' dir='ltr'>illidixiomnia.</span> 
     </span>
     <span class='ocr_line' id='line_1_26' title="bbox 10 1636 1216 1703; baseline -0.002 -17"><span class='ocrx_word' id='word_1_192' title='bbox 10 1636 12 1648; x_wconf 72' lang='lat'>¹</span> <span class='ocrx_word' id='word_1_193' title='bbox 123 1643 170 1686; x_wconf 91' lang='lat' dir='ltr'>N</span> <span class='ocrx_word' id='word_1_194' title='bbox 173 1657 200 1685; x_wconf 90' lang='lat'>1.</span> <span class='ocrx_word' id='word_1_195' title='bbox 210 1639 384 1701; x_wconf 71' lang='lat' dir='ltr'>QaesO,</span> <span class='ocrx_word' id='word_1_196' title='bbox 397 1657 440 1687; x_wconf 90' lang='lat' dir='ltr'>ut</span> <span class='ocrx_word' id='word_1_197' title='bbox 450 1642 501 1686; x_wconf 66' lang='lat' dir='ltr'>stit</span> <span class='ocrx_word' id='word_1_198' title='bbox 514 1641 662 1686; x_wconf 77' lang='lat' dir='ltr'>habeas</span> <span class='ocrx_word' id='word_1_199' title='bbox 672 1644 725 1693; x_wconf 84' lang='lat' dir='ltr'>id,</span> <span class='ocrx_word' id='word_1_200' title='bbox 736 1657 860 1703; x_wconf 82' lang='lat' dir='ltr'>pater,</span> <span class='ocrx_word' id='word_1_201' title='bbox 871 1642 985 1702; x_wconf 88' lang='lat' dir='ltr'>quod</span> <span class='ocrx_word' id='word_1_202' title='bbox 998 1636 1216 1702; x_wconf 64' lang='lat' dir='ltr'>Chryfiilus</span> 
     </span>
     <span class='ocr_line' id='line_1_27' title="bbox 121 1703 921 1765; baseline -0.003 -15"><span class='ocrx_word' id='word_1_203' title='bbox 121 1708 198 1750; x_wconf 88' lang='lat' dir='ltr'>Me</span> <span class='ocrx_word' id='word_1_204' title='bbox 210 1706 437 1765; x_wconf 72' lang='lat' dir='ltr'>objiugavit</span> <span class='ocrx_word' id='word_1_205' title='bbox 448 1705 629 1764; x_wconf 74' lang='lat' dir='ltr'>plurimis</span> <span class='ocrx_word' id='word_1_206' title='bbox 646 1704 774 1748; x_wconf 86' lang='lat' dir='ltr'>verbis</span> <span class='ocrx_word' id='word_1_207' title='bbox 787 1703 921 1756; x_wconf 79' lang='lat' dir='ltr'>malis,</span> 
     </span>
     <span class='ocr_line' id='line_1_28' title="bbox 119 1765 918 1828; baseline -0.001 -16"><span class='ocrx_word' id='word_1_208' title='bbox 119 1768 171 1812; x_wconf 89' lang='lat' dir='ltr'>Et</span> <span class='ocrx_word' id='word_1_209' title='bbox 185 1783 250 1813; x_wconf 85' lang='lat' dir='ltr'>me</span> <span class='ocrx_word' id='word_1_210' title='bbox 261 1769 473 1812; x_wconf 84' lang='lat' dir='ltr'>meliorem</span> <span class='ocrx_word' id='word_1_211' title='bbox 488 1766 581 1811; x_wconf 79' lang='lat' dir='ltr'>fecit</span> <span class='ocrx_word' id='word_1_212' title='bbox 592 1768 799 1828; x_wconf 68' lang='lat' dir='ltr'>praeceptis</span> <span class='ocrx_word' id='word_1_213' title='bbox 819 1765 893 1811; x_wconf 86' lang='lat' dir='ltr'>suis</span> <span class='ocrx_word' id='word_1_214' title='bbox 905 1799 918 1819; x_wconf 86' lang='lat'>,</span> 
     </span>
     <span class='ocr_line' id='line_1_29' title="bbox 121 1828 1058 1892; baseline -0.003 -15"><span class='ocrx_word' id='word_1_215' title='bbox 121 1830 183 1877; x_wconf 85' lang='lat' dir='ltr'>Ut</span> <span class='ocrx_word' id='word_1_216' title='bbox 192 1843 231 1875; x_wconf 88' lang='lat' dir='ltr'>te</span> <span class='ocrx_word' id='word_1_217' title='bbox 244 1833 280 1875; x_wconf 91' lang='lat' dir='ltr'>ei</span> <span class='ocrx_word' id='word_1_218' title='bbox 295 1830 444 1875; x_wconf 80' lang='lat' dir='ltr'>habere</span> <span class='ocrx_word' id='word_1_219' title='bbox 457 1830 623 1892; x_wconf 79' lang='lat' dir='ltr'>gratiam</span> <span class='ocrx_word' id='word_1_220' title='bbox 643 1846 808 1891; x_wconf 82' lang='lat' dir='ltr'>aequom</span> <span class='ocrx_word' id='word_1_221' title='bbox 820 1828 866 1873; x_wconf 86' lang='lat' dir='ltr'>sit</span> <span class='ocrx_word' id='word_1_222' title='bbox 887 1831 1058 1874; x_wconf 84' lang='lat' dir='ltr'>bonam.</span> 
     </span>
     <span class='ocr_line' id='line_1_30' title="bbox 15 1887 1425 1955; baseline -0.002 -17"><span class='ocrx_word' id='word_1_223' title='bbox 15 1888 110 1938; x_wconf 60' lang='lat'><em>³100</em></span> <span class='ocrx_word' id='word_1_224' title='bbox 125 1893 212 1939; x_wconf 68' lang='lat' dir='ltr'>CH.</span> <span class='ocrx_word' id='word_1_225' title='bbox 234 1893 353 1939; x_wconf 85' lang='lat' dir='ltr'>Estne</span> <span class='ocrx_word' id='word_1_226' title='bbox 370 1894 471 1937; x_wconf 85' lang='lat' dir='ltr'>istuc</span> <span class='ocrx_word' id='word_1_227' title='bbox 482 1892 565 1937; x_wconf 74' lang='lat' dir='ltr'>istic</span> <span class='ocrx_word' id='word_1_228' title='bbox 573 1892 785 1955; x_wconf 75' lang='lat' dir='ltr'>seriptum?</span> <span class='ocrx_word' id='word_1_229' title='bbox 819 1893 895 1939; x_wconf 83' lang='lat' dir='ltr'>Ni.</span> <span class='ocrx_word' id='word_1_230' title='bbox 915 1893 1014 1938; x_wconf 87' lang='lat' dir='ltr'>hem</span> <span class='ocrx_word' id='word_1_231' title='bbox 1028 1891 1160 1954; x_wconf 63' lang='lat' dir='ltr'>speEta</span> <span class='ocrx_word' id='word_1_232' title='bbox 1173 1922 1186 1943; x_wconf 90' lang='lat'><em>,</em></span> <span class='ocrx_word' id='word_1_233' title='bbox 1207 1887 1425 1944; x_wconf 56' lang='lat' dir='ltr'>3T5i211²1¹⁸13¹202⁵3²”</span> 
     </span>
     <span class='ocr_line' id='line_1_31' title="bbox 16 1954 526 2001; baseline -0.002 0"><span class='ocrx_word' id='word_1_234' title='bbox 16 1978 19 1983; x_wconf 56' lang='lat'>&lt;</span> <span class='ocrx_word' id='word_1_235' title='bbox 308 1971 398 2001; x_wconf 85' lang='lat' dir='ltr'>tuin</span> <span class='ocrx_word' id='word_1_236' title='bbox 419 1954 526 2001; x_wconf 83' lang='lat' dir='ltr'>scies.</span> 
     </span>
    </p>
   </div>
   <div class='ocr_carea' id='block_1_7' title="bbox 119 2013 1156 2141">
    <p class='ocr_par' dir='ltr' id='par_1_7' title="bbox 119 2013 1156 2141">
     <span class='ocr_line' id='line_1_32' title="bbox 119 2013 1156 2080; baseline -0.001 -17"><span class='ocrx_word' id='word_1_237' title='bbox 119 2018 208 2063; x_wconf 71' lang='lat' dir='ltr'>Cu.</span> <span class='ocrx_word' id='word_1_238' title='bbox 230 2019 292 2065; x_wconf 82' lang='lat' dir='ltr'>Ut</span> <span class='ocrx_word' id='word_1_239' title='bbox 300 2034 369 2080; x_wconf 87' lang='lat' dir='ltr'>qui</span> <span class='ocrx_word' id='word_1_240' title='bbox 382 2019 565 2080; x_wconf 84' lang='lat' dir='ltr'>deliquit,</span> <span class='ocrx_word' id='word_1_241' title='bbox 577 2018 741 2079; x_wconf 84' lang='lat' dir='ltr'>supplex</span> <span class='ocrx_word' id='word_1_242' title='bbox 753 2018 808 2063; x_wconf 89' lang='lat' dir='ltr'>est</span> <span class='ocrx_word' id='word_1_243' title='bbox 820 2019 925 2063; x_wconf 91' lang='lat' dir='ltr'>ultro</span> <span class='ocrx_word' id='word_1_244' title='bbox 938 2013 1156 2062; x_wconf 83' lang='lat' dir='ltr'>omnibus!</span> 
     </span>
     <span class='ocr_line' id='line_1_33' title="bbox 121 2080 1114 2141; baseline -0.003 -15"><span class='ocrx_word' id='word_1_245' title='bbox 121 2081 196 2126; x_wconf 86' lang='lat' dir='ltr'>Ni.</span> <span class='ocrx_word' id='word_1_246' title='bbox 218 2082 346 2130; x_wconf 87' lang='lat' dir='ltr'>Nunc</span> <span class='ocrx_word' id='word_1_247' title='bbox 359 2080 389 2127; x_wconf 87' lang='lat' dir='ltr'>fi</span> <span class='ocrx_word' id='word_1_248' title='bbox 398 2098 466 2127; x_wconf 86' lang='lat' dir='ltr'>me</span> <span class='ocrx_word' id='word_1_249' title='bbox 477 2080 535 2127; x_wconf 84' lang='lat' dir='ltr'>fas</span> <span class='ocrx_word' id='word_1_250' title='bbox 547 2081 604 2126; x_wconf 81' lang='lat' dir='ltr'>est</span> <span class='ocrx_word' id='word_1_251' title='bbox 616 2080 821 2128; x_wconf 79' lang='lat' dir='ltr'>obsecrare</span> <span class='ocrx_word' id='word_1_252' title='bbox 833 2081 902 2126; x_wconf 75' lang='lat' dir='ltr'>abs</span> <span class='ocrx_word' id='word_1_253' title='bbox 916 2096 968 2132; x_wconf 87' lang='lat' dir='ltr'>te,</span> <span class='ocrx_word' id='word_1_254' title='bbox 979 2094 1089 2141; x_wconf 79' lang='lat' dir='ltr'>patet</span> <span class='ocrx_word' id='word_1_255' title='bbox 1100 2110 1114 2131; x_wconf 90' lang='lat'><strong>,</strong></span> 
     </span>
    </p>
   </div>
   <div class='ocr_carea' id='block_1_8' title="bbox 1353 82 1443 124">
    <p class='ocr_par' dir='ltr' id='par_1_8' title="bbox 1353 82 1443 124">
     <span class='ocr_line' id='line_1_34' title="bbox 1353 82 1443 124; baseline -0.022 0"><span class='ocrx_word' id='word_1_256' title='bbox 1353 82 1443 124; x_wconf 81' lang='lat'>479</span> 
     </span>
    </p>
   </div>
   <div class='ocr_carea' id='block_1_9' title="bbox 1362 2139 1432 2185">
    <p class='ocr_par' dir='ltr' id='par_1_9' title="bbox 1362 2139 1432 2185">
     <span class='ocr_line' id='line_1_35' title="bbox 1362 2139 1432 2185; baseline -0.043 0"><span class='ocrx_word' id='word_1_257' title='bbox 1362 2139 1432 2185; x_wconf 76' lang='lat' dir='ltr'>Da</span> 
     </span>
    </p>
   </div>
   <div class='ocr_carea' id='block_1_10' title="bbox 19 2237 1430 2452">
    <p class='ocr_par' dir='ltr' id='par_1_10' title="bbox 19 2237 1430 2452">
     <span class='ocr_line' id='line_1_36' title="bbox 66 2237 1430 2287; baseline -0.001 -16"><span class='ocrx_word' id='word_1_258' title='bbox 66 2246 119 2280; x_wconf 90' lang='lat'>76.</span> <span class='ocrx_word' id='word_1_259' title='bbox 143 2240 210 2273; x_wconf 78' lang='lat' dir='ltr'>Tibi</span> <span class='ocrx_word' id='word_1_260' title='bbox 217 2242 305 2286; x_wconf 58' lang='lat' dir='ltr'>diem]</span> <span class='ocrx_word' id='word_1_261' title='bbox 316 2243 447 2278; x_wconf 79' lang='lat' dir='ltr'>videtur</span> <span class='ocrx_word' id='word_1_262' title='bbox 466 2244 590 2277; x_wconf 82' lang='lat' dir='ltr'>malum</span> <span class='ocrx_word' id='word_1_263' title='bbox 602 2254 690 2287; x_wconf 83' lang='lat' dir='ltr'>preca</span> <span class='ocrx_word' id='word_1_264' title='bbox 782 2252 836 2283; x_wconf 88' lang='lat'>97.</span> <span class='ocrx_word' id='word_1_265' title='bbox 858 2241 1039 2285; x_wconf 68' lang='lat' dir='ltr'>oly‘urgavit</span> <span class='ocrx_word' id='word_1_266' title='bbox 1057 2240 1140 2284; x_wconf 62' lang='lat' dir='ltr'>me]</span> <span class='ocrx_word' id='word_1_267' title='bbox 1153 2239 1320 2273; x_wconf 74' lang='lat' dir='ltr'>Petronius</span> <span class='ocrx_word' id='word_1_268' title='bbox 1329 2237 1430 2270; x_wconf 82' lang='lat' dir='ltr'>eriam</span> 
     </span>
     <span class='ocr_line' id='line_1_37' title="bbox 19 2282 1429 2331; baseline -0.004 -14"><span class='ocrx_word' id='word_1_269' title='bbox 19 2284 48 2316; x_wconf 58' lang='grc' dir='ltr'>ι’ῐί</span> <span class='ocrx_word' id='word_1_270' title='bbox 58 2285 258 2319; x_wconf 77' lang='lat' dir='ltr'>Mnesilocho</span> <span class='ocrx_word' id='word_1_271' title='bbox 279 2299 285 2318; x_wconf 83' lang='lat' dir='ltr'>z</span> <span class='ocrx_word' id='word_1_272' title='bbox 308 2287 357 2320; x_wconf 87' lang='lat' dir='ltr'>sed</span> <span class='ocrx_word' id='word_1_273' title='bbox 378 2299 459 2320; x_wconf 81' lang='lat' dir='ltr'>mem</span> <span class='ocrx_word' id='word_1_274' title='bbox 476 2288 639 2320; x_wconf 72' lang='lat' dir='ltr'>simulatio</span> <span class='ocrx_word' id='word_1_275' title='bbox 648 2290 699 2319; x_wconf 82' lang='lat' dir='ltr'>est.</span> <span class='ocrx_word' id='word_1_276' title='bbox 743 2288 861 2331; x_wconf 76' lang='lat' dir='ltr'>colaphis</span> <span class='ocrx_word' id='word_1_277' title='bbox 881 2286 1034 2329; x_wconf 78' lang='lat' dir='ltr'>objurgare</span> <span class='ocrx_word' id='word_1_278' title='bbox 1048 2286 1138 2317; x_wconf 84' lang='lat' dir='ltr'>dixit.</span> <span class='ocrx_word' id='word_1_279' title='bbox 1171 2287 1302 2316; x_wconf 84' lang='lat' dir='ltr'>Sueton.</span> <span class='ocrx_word' id='word_1_280' title='bbox 1324 2282 1429 2323; x_wconf 80' lang='lat' dir='ltr'>Calig.</span> 
     </span>
     <span class='ocr_line' id='line_1_38' title="bbox 20 2325 1429 2373; baseline -0.003 -14"><span class='ocrx_word' id='word_1_281' title='bbox 20 2331 195 2366; x_wconf 50' lang='lat' dir='ltr'>(moxenim</span> <span class='ocrx_word' id='word_1_282' title='bbox 205 2332 349 2373; x_wconf 73' lang='lat' dir='ltr'>corrigit:</span> <span class='ocrx_word' id='word_1_283' title='bbox 368 2331 538 2364; x_wconf 71' lang='lat' dir='ltr'>&amp;aversus</span> <span class='ocrx_word' id='word_1_284' title='bbox 553 2332 697 2367; x_wconf 57' lang='lat' dir='ltr'>Tffiidico,</span> <span class='ocrx_word' id='word_1_285' title='bbox 743 2341 807 2372; x_wconf 83' lang='lat' dir='ltr'>cap.</span> <span class='ocrx_word' id='word_1_286' title='bbox 829 2341 878 2361; x_wconf 85' lang='lat'>21.</span> <span class='ocrx_word' id='word_1_287' title='bbox 898 2331 1005 2369; x_wconf 70' lang='lat' dir='ltr'>ferulis</span> <span class='ocrx_word' id='word_1_288' title='bbox 1030 2329 1187 2371; x_wconf 62' lang='lat' dir='ltr'>objurgari.</span> <span class='ocrx_word' id='word_1_289' title='bbox 1222 2328 1291 2358; x_wconf 87' lang='lat' dir='ltr'>Cic.</span> <span class='ocrx_word' id='word_1_290' title='bbox 1308 2325 1347 2356; x_wconf 77' lang='lat' dir='ltr'>ad</span> <span class='ocrx_word' id='word_1_291' title='bbox 1369 2329 1429 2355; x_wconf 81' lang='lat' dir='ltr'>At-</span> 
     </span>
     <span class='ocr_line' id='line_1_39' title="bbox 20 2369 1430 2450; baseline -0.003 -43"><span class='ocrx_word' id='word_1_292' title='bbox 20 2371 137 2447; x_wconf 58' lang='lat' dir='ltr'>illrjqubiss</span> <span class='ocrx_word' id='word_1_293' title='bbox 148 2371 183 2406; x_wconf 72' lang='grc' dir='ltr'>(ὲ.</span> <span class='ocrx_word' id='word_1_294' title='bbox 200 2372 222 2407; x_wconf 87' lang='grc' dir='ltr'><strong>ὂ</strong></span> <span class='ocrx_word' id='word_1_295' title='bbox 234 2373 697 2418; x_wconf 66' lang='lat' dir='ltr'>Nicobulemongnefilocho.</span> <span class='ocrx_word' id='word_1_296' title='bbox 743 2373 899 2450; x_wconf 47' lang='lat' dir='ltr'>tic.11i³b.2.</span> <span class='ocrx_word' id='word_1_297' title='bbox 921 2377 976 2420; x_wconf 72' lang='lat' dir='ltr'>Ep.</span> <span class='ocrx_word' id='word_1_298' title='bbox 992 2386 1019 2408; x_wconf 90' lang='lat'>1.</span> <span class='ocrx_word' id='word_1_299' title='bbox 1046 2375 1124 2405; x_wconf 73' lang='lat' dir='ltr'>molti</span> <span class='ocrx_word' id='word_1_300' title='bbox 1142 2370 1253 2404; x_wconf 76' lang='lat' dir='ltr'>brachio</span> <span class='ocrx_word' id='word_1_301' title='bbox 1267 2369 1430 2413; x_wconf 77' lang='lat' dir='ltr'>objurgare·</span> 
     </span>
     <span class='ocr_line' id='line_1_40' title="bbox 22 2421 885 2452; baseline -0.001 -7"><span class='ocrx_word' id='word_1_302' title='bbox 22 2430 27 2441; x_wconf 61' lang='grc' dir='ltr'><em>υ</em></span> <span class='ocrx_word' id='word_1_303' title='bbox 45 2426 84 2446; x_wconf 74' lang='lat' dir='ltr'>au</span> <span class='ocrx_word' id='word_1_304' title='bbox 104 2427 145 2446; x_wconf 87' lang='lat' dir='ltr'>m.</span> <span class='ocrx_word' id='word_1_305' title='bbox 743 2421 813 2452; x_wconf 70' lang='lat' dir='ltr'>Tau</span> <span class='ocrx_word' id='word_1_306' title='bbox 835 2427 885 2451; x_wconf 76' lang='lat' dir='ltr'>m,</span> 
     </span>
    </p>
   </div>
   <div class='ocr_carea' id='block_1_11' title="bbox 1243 2452 1431 2491">
    <p class='ocr_par' dir='ltr' id='par_1_11' title="bbox 1243 2452 1431 2491">
     <span class='ocr_line' id='line_1_41' title="bbox 1243 2452 1431 2491; baseline -0.021 -1"><span class='ocrx_word' id='word_1_307' title='bbox 1243 2466 1315 2491; x_wconf 71' lang='grc' dir='ltr'>ηο-</span> <span class='ocrx_word' id='word_1_308' title='bbox 1336 2452 1431 2489; x_wconf 66' lang='lat' dir='ltr'>Divi*</span> 
     </span>
    </p>
   </div>
  </div>
 </body>
</html>
