1698 2837
250 86 310 133 δὲ
608 86 1294 133 AMPHmRuoNxs

310 168 366 203 Ex
377 165 520 208 aedibus,
532 164 634 202 herus
644 164 702 204 est,
714 161 775 198 hic
785 174 870 198 vero
890 160 1081 198 veneficus.
1107 164 1173 200 BL.
1194 162 1288 213 proh
1298 162 1485 213 Juppiter]

310 219 412 269 Qid
423 216 592 255 intueor?
618 215 761 251 hicnon
773 214 840 256 est,
867 212 994 250 sedille
1010 213 1246 262 Amphitruo.
1275 216 1352 252 istic
1363 216 1388 252 fi
1399 215 1498 257 fuat,-

306 270 418 306 Illum
430 270 508 306 sane
517 280 591 303 non
602 267 668 302 effe
679 265 845 313 oportuit
854 291 863 307 ‚
892 265 958 300 nifi
969 263 1117 313 quidem
1130 265 1173 302 fit
1190 267 1369 316 geminus.

245 329 266 367 ,ι
275 332 297 354 0
308 323 355 371 Ju
364 335 407 358 p:
417 324 548 358 Eccum
562 330 646 354 cum
659 316 880 366 Blepharone
888 317 1036 353 Sofiam.
1049 318 1275 366 compellabo
1294 317 1360 355 hos
1371 318 1475 367 prius.
1501 316 1597 356 Sofia
1607 344 1620 361 ,

301 374 473 410 ‘Tandem
486 370 527 407 ad
540 370 628 405 nos?
657 368 786 405 esurio.
813 369 872 404 So.
894 368 1011 405 dixin’
1029 366 1094 404 tibi
1114 365 1211 405 hunc
1221 369 1449 408 veneficum?

307 427 386 462 AM.
407 426 527 460 Immo
539 432 607 469 ego
619 418 729 461 hunc,
739 419 906 456 Thebani
918 419 1021 460 cives,
1033 420 1095 468 qui
1108 419 1211 457 domi
1221 433 1371 457 uxorem
1385 433 1505 458 meam

304 473 537 525 Impudicitia
547 472 741 520 impetivit,
754 483 814 520 per
825 483 934 521 quem
947 482 1054 507 teneo
1066 469 1270 508 thesaurum
1285 474 1404 522 stupri.
1458 475 1534 525 1³⁹³}
1550 470 1646 525 ξζζζάῑ-

304 529 365 562 So.
390 527 496 564 Here,
508 524 533 560 fi
543 532 583 560 tu
596 535 695 560 nunc
716 523 835 565 esuris,
847 536 915 573 ego
925 521 1018 559 satur
1027 524 1156 572 pugnis
1167 524 1210 561 ad
1230 533 1264 560 te
1276 524 1404 561 volito.
1457 511 1497 526 W
1534 509 1548 531 Ρ
1610 510 1633 526 e·

240 576 293 623 [15
304 579 379 614 ΑΜ.
392 575 531 624 Pergin’
541 602 551 617 ‚
564 575 751 625 mastigia?
778 577 845 612 So..
860 576 917 613 abi
928 574 971 612 ad
985 574 1230 612 Acheruntem
1241 602 1251 618 ,
1264 575 1431 613 venefice.
1460 578 1534 613 AM.
1549 578 1646 613 men’

474 625 676 664 veneficum
691 626 706 663 ,ἲ

303 678 451 729 Vapula.
479 679 572 729 JUP.
597 691 677 728 quae
688 705 698 720 ‚
730 677 856 728 hospes
866 706 876 721 ,
914 677 1137 728 intemperiae
1148 704 1159 720 ‚
1195 685 1233 716 ut
1253 688 1293 716 tu
1315 690 1440 715 meum
1459 678 1644 717 verberes?

478 734 554 767 AM.
573 729 709 767 tuum?
735 731 822 779 JUP.
845 742 983 767 meum.
1692 734 1693 739 ’

299 781 377 818 AM.
396 782 575 819 Mentiris.
602 783 689 831 JUP.
710 782 805 819 Sofia
818 809 827 824 ‚
854 784 868 818 i
887 784 986 819 intro
998 796 1009 818 2
1035 781 1124 818 dum
1135 779 1234 818 hunc
1253 780 1424 819 sacrufico
1435 806 1446 824 ‚
1467 779 1521 817 fac
1547 793 1646 832 pare-

473 843 533 870 tur
553 835 757 888 prandium.

299 885 360 921 So.
387 884 466 922 Ibo.
494 885 806 933 Amphitruonem
819 912 829 928 ‚
856 885 1009 924 arbitror
1019 914 1029 930 ,
1058 887 1107 925 ita
1116 886 1274 925 comiter
1284 883 1508 934 Amphitruo

300 936 465 986 Accipiet
478 964 488 979 ,
514 949 554 973 ut
565 938 702 974 dudum
713 947 852 974 memet
863 951 930 989 ego
940 939 1001 976 ille
1011 939 1097 977 alter
1113 939 1209 977 Sofia
1219 936 1365 973 Sofiam.

240 994 288 1024 ἑο
300 989 438 1025 Interea
449 989 536 1025 dum
549 990 603 1025 isti
615 998 769 1030 certant,
798 991 835 1026 in
848 990 1022 1040 popinam
1045 988 1367 1028 devortundum'st
1386 987 1501 1024 mihi:

299 1040 433 1077 Lances
443 1041 626 1090 detergam
638 1042 779 1077 omneis
790 1067 801 1083 ,
828 1043 1040 1092 omneisque
1049 1044 1171 1079 trullas
1181 1042 1354 1080 hauriam.
1382 1041 1399 1089 J
1409 1053 1431 1075 U
1439 1053 1472 1076 P.
1492 1041 1651 1077 tun'me

297 1093 448 1128 Mentiri
474 1093 547 1128 ais?
576 1096 651 1128 AM.
667 1093 843 1134 mentiris,
855 1095 1018 1144 inquam,
1031 1106 1121 1130 meae
1131 1102 1320 1142 corruptor
1331 1090 1489 1127 familiae.

296 1144 387 1193 JwP.
416 1143 476 1179 Ob
487 1144 573 1180 istuc
583 1144 779 1193 indignum
796 1145 952 1187 dietum,
963 1154 998 1181 te
1007 1145 1176 1182 obstristo
1194 1145 1290 1182 collo
1301 1143 1366 1179 hac
1376 1143 1556 1191 arripiam.

297 1197 376 1231 AM.
404 1197 467 1231 Vae
480 1195 611 1232 misero
623 1196 740 1232 mihil
768 1197 859 1246 Jm’.
880 1197 962 1242 atid
974 1198 1171 1247 praecaviffe
1189 1195 1364 1246 oportuit.
1394 1197 1471 1231 AM.
1494 1192 1640 1244 Elephan

471 1260 534 1288 το,
562 1247 735 1296 suppetias
754 1247 862 1285 mihi.

235 1306 285 1347 525
296 1298 361 1334 BL.
389 1298 607 1335 Confirniles
615 1299 697 1335 sunt
707 1299 805 1342 adeo,
818 1311 859 1336 ut
869 1299 942 1336 utri
954 1299 1067 1342 assim,
1079 1300 1256 1338 nesciam:
1284 1299 1401 1336 rixam
1421 1307 1542 1340 tamen
1552 1323 1561 1339 ‚

294 1351 343 1385 Vr
353 1351 475 1398 potest,
489 1352 670 1387 dirimam.
683 1350 917 1401 Amphitruo,
929 1353 1008 1387 noli
1019 1352 1327 1401 Amphitruonem
1341 1349 1460 1386 duello
1472 1349 1617 1397 perdere
1628 1364 1641 1392 3

292 1401 434 1451 Linque
444 1401 594 1444 collum,
605 1415 743 1451 precor.
769 1404 856 1452 JUP.
879 1402 978 1440 hunc
989 1413 1027 1440 tu
1038 1403 1347 1453 Amphitruonem
1360 1398 1525 1437 diffitas?

293 1453 360 1489 BL.
390 1453 489 1503 Qid
503 1454 539 1489 ni
552 1453 566 1490 ,ἲ
593 1467 682 1490 unus
695 1454 786 1490 olim
799 1472 810 1495 ³
838 1466 936 1491 nunc
947 1467 1031 1491 vero
1043 1466 1160 1504 partus
1170 1456 1219 1491 est
1229 1454 1408 1504 geminus.

293 1505 396 1541 Dum
408 1516 448 1541 tu
461 1505 512 1540 vis
522 1506 588 1541 esse
599 1532 608 1546 ‚
637 1506 721 1542 alter
731 1519 875 1556 quoque
884 1508 950 1543 esse
961 1506 1082 1543 forma
1100 1519 1172 1543 non
1185 1506 1325 1542 delinit.

234 1569 280 1607 30
291 1557 427 1594 Interea
445 1557 565 1607 quael'o
584 1557 723 1594 collum
741 1559 878 1609 linque.
905 1560 994 1609 JUP-
1024 1558 1153 1609 linquo
1177 1557 1236 1595 sed
1255 1557 1314 1595 dic
1338 1554 1453 1598 mihi,
1481 1553 1638 1592 videtur-

462 1621 508 1645 ne
526 1608 591 1644 tibi

289 1659 372 1696 Istic
382 1660 630 1710 Amphitruo?
659 1662 720 1698 BL.
742 1670 889 1712 uterque
898 1661 1058 1712 quidem.
1087 1663 1164 1700 ΑΜ.
1184 1661 1278 1712 proh
1288 1660 1429 1698 summe
1446 1656 1633 1707 Juppiter!

466 1712 528 1748 ubi
551 1711 660 1748 hodie

288 1762 387 1800 Mihi
398 1763 556 1800 formam
567 1764 695 1801 adimis
709 1766 716 1799 .'
729 1776 839 1814 pergo
849 1777 1004 1815 quaerere
1017 1780 1024 1803 :
1037 1773 1122 1802 tune
1132 1763 1355 1813 Amphitruo
1367 1764 1380 1798 ?
1407 1758 1636 1818 gfgssjffgsssffpssffifi

462 1817 510 1864 JU
520 1828 553 1851 p·
582 1824 623 1851 tu
643 1826 748 1865 negas
761 1817 773 1850 ?
1407 1822 1460 1842 tun·
1471 1820 1633 1848 Amphitruo·

288 1868 367 1903 ΑΜ.
389 1868 563 1916 Pernego,
574 1871 718 1916 quando
730 1865 871 1908 Thebis,
884 1874 1010 1916 praeter
1021 1879 1081 1903 me
1092 1893 1101 1908 ,
1114 1868 1236 1902 nemo’
1248 1866 1276 1902 st
1295 1867 1382 1904 alter
1394 1867 1629 1916 Amphitruo.

288 1919 377 1967 JUP.
401 1920 538 1960 Immo,
550 1931 674 1967 praeter
686 1931 756 1958 me,
769 1925 900 1958 n'emo3
928 1928 1032 1968 atque
1042 1921 1141 1960 adeo,
1153 1930 1193 1955 tu
1206 1918 1378 1967 Blepharo
1390 1945 1399 1960 ‚
1411 1919 1520 1965 judex
1533 1919 1605 1955 fies.

231 1984 278 2021 35
292 1973 356 2007 BL.
378 1971 518 2009 Faciam
531 1971 581 2011 id,
594 1971 618 2006 fi
629 1981 734 2020 quen,
753 1969 859 2019 signis
871 1971 999 2018 palam.
1028 1982 1068 2006 tu
1079 1969 1252 2019 responde
1262 1971 1368 2020 prius.
1391 1973 1475 2006 Am.
1497 1971 1629 2007 lubens.

251 2035 253 2037 ’
290 2024 357 2061 BL.
375 2027 581 2071 Antequam
593 2035 676 2059 cum
688 2020 836 2071 Taphiis
855 2021 873 2059 a
893 2031 928 2058 te
937 2035 1053 2073 pugna
1063 2022 1218 2063 sumita,
1230 2022 1317 2072 quid
1329 2021 1500 2058 mandasti
1512 2022 1632 2058 mihi?
1654 2045 1657 2046 γ

1435 2075 1511 2109 ΑΜ.
1534 2074 1633 2110 Para-

248 2166 252 2170 ,
273 2152 322 2176 13.
345 2142 696 2185 Thefizurum.]7’essimae
706 2143 915 2187 reicopianhe-
950 2144 1013 2176 hoc
1023 2143 1081 2180 est,
1116 2143 1328 2176 domesticum
1350 2143 1502 2175 balneum
1518 2143 1632 2177 funde-

224 2186 495 2228 fimmsdicipotest.
516 2189 655 2219 Nonius.
684 2187 825 2231 Stupri]
846 2186 915 2218 Post
951 2188 1035 2219 bant.
1052 2190 1251 2218 omnestrullm
1263 2187 1625 2231 hauriam‚ficinterp1e·

229 2238 341 2260 vocem
355 2231 455 2271 stupri,
468 2229 552 2260 hunc
561 2230 683 2262 versum
705 2231 823 2263 insero:
846 2231 905 2260 cm·-
951 2240 1070 2263 tamnr:
1089 2240 1124 2262 ut
1140 2233 1341 2261 tmuasomnes
1354 2232 1540 2273 accipiamus
1556 2231 1631 2263 acm*

229 2283 287 2312 que
303 2275 366 2302 med
382 2273 492 2311 abftme
507 2283 600 2317 corpus
619 2274 749 2317 (uxor)
776 2274 916 2315 vulgavit
950 2275 984 2306 rr&
1010 2277 1115 2306 πᾶσαν
1140 2276 1330 2318 eigamma,
1367 2273 1429 2305 five
1461 2275 1627 2306 nullarum

224 2315 328 2354 suum,
353 2319 380 2346 1.
395 2317 470 2347 Gul.
951 2328 1278 2360 omnegenus.neque
1294 2318 1331 2348 ad
1342 2317 1490 2359 ocvn‘vacv
1501 2326 1626 2348 tantum

276 2369 326 2388 21.
354 2359 525 2400 Omneisque
541 2362 639 2390 trullas
650 2382 660 2394 ‚
679 2360 910 2403 &c.]‘TrulJa‚
948 2361 1125 2396 referimus,
1139 2359 1188 2392 sed
1198 2364 1292 2393 etiam
1302 2360 1340 2391 ad
1349 2362 1482 2404 reliquas
1491 2359 1598 2390 trullas
1613 2370 1622 2389 :
1680 2387 1681 2395 ,

231 2408 285 2430 vas
294 2404 476 2442 potorium:
495 2411 621 2434 truavas
630 2403 912 2445 aquarium‚quoe
929 2414 932 2453 Ξ
948 2413 1023 2445 puta
1044 2404 1214 2446 ἒτνκριξσᾴς,
1233 2404 1425 2444 &onuph-cic,
1438 2403 1572 2444 &aliam
1600 2401 1625 2433 fi
1680 2409 1681 2413 ’

229 2443 335 2476 culina
343 2445 458 2488 aquam
466 2444 647 2478 calefactam
663 2448 698 2478 in
713 2447 911 2482 lavatrinam,
920 2455 934 2513 *X
946 2448 1111 2490 quae'erant
1120 2448 1197 2479 aliae·
1224 2447 1340 2488 Cafizub.
1436 2450 1439 2452 ’

1471 2497 1521 2527 37.
1533 2490 1624 2519 Para-
1679 2520 1680 2523 ,
