1649 2827
167 93 257 153 ‘444
600 103 1114 151 BAccnxnzss

171 183 189 212 1
201 185 257 213 20
269 173 404 220 Senex
415 175 459 221 in
470 175 675 239 Ephesum
686 177 758 223 ibit
767 194 907 224 aurum
919 176 1128 224 arcessere:

269 237 353 280 Hic
361 240 495 284 nostra
503 254 736 300 ageturaetas
748 243 790 285 in
803 241 1001 286 malacum
1015 243 1189 286 modum
1201 242 1218 293 ,’

268 299 482 359 Siquidem
496 303 563 346 h‘ic
574 302 786 364 relinquet,
798 320 873 349 nec
883 302 1016 349 secum
1027 303 1197 348 abducet
1205 303 1325 349 senex

269 362 345 405 Me
356 366 400 407 ὃς
413 363 733 419 Mnesilochum,
744 381 842 427 quas
854 381 931 428 ego
942 366 1008 410 hic
1021 366 1154 412 turbas
1167 366 1274 410 dabo
1289 365 1300 412 ἔ

266 423 348 468 Sed
360 427 459 485 quid
473 427 653 472 futurum
665 428 733 480 est,
743 444 836 472 cum
849 429 930 473 hoc
941 426 1060 473 senex
1072 430 1261 474 resciverit
1275 441 1290 475 Ξ

170 494 187 522 1
197 493 218 523 2
227 495 248 539 5
270 485 385 529 Cum
398 484 434 532 se
445 489 708 535 excucurrisse
720 490 812 535 illuc
823 491 961 536 frustra
973 489 1122 535 sciverit
1132 523 1145 542 ,

265 546 436 609 Nosque
444 567 587 596 aurum
599 550 763 599 abusos?
793 556 892 615 quid
905 553 1005 597 mihi
1018 552 1088 598 fiet
1105 553 1245 615 postea
1257 565 1270 599 ἒ

263 608 406 655 Credo
422 613 553 659 hercle
563 617 779 660 adveniens
791 632 949 661 nomen
960 615 1131 661 mutabit
1143 616 1245 659 mihi
1259 648 1272 666 ,

260 673 471 736 Facietque
484 677 695 740 extemplo
709 678 956 723 Crucisalum
970 694 1038 723 me
1056 694 1106 723 ex
1120 677 1328 739 Chrysalo.

265 734 480 798 Aufugero
491 739 623 785 hercle
632 773 645 791 ,
669 740 697 786 fi
718 742 845 801 magis
855 740 942 786 usus
951 745 1116 786 venerit.

166 807 182 835 ¹
195 807 212 850 3
223 813 249 841 o
265 798 304 841 Si
326 814 396 843 ero
420 802 694 861 reprehensus,
705 804 840 852 maesto
855 820 933 865 ego
956 803 1071 848 illum
1084 802 1333 849 infortunio:

263 860 308 903 Si
319 860 373 905 illi
385 861 475 907 sunt
487 866 603 925 virgae
613 867 705 917 ruri,
726 880 762 910 at
780 866 882 910 mihi
893 881 1052 927 tergum
1068 867 1185 910 domi
1198 866 1262 911 est.

264 923 311 966 N
315 939 394 968 unc
405 925 478 970 ibo
491 959 504 977 ,
535 928 648 972 herili
662 927 748 973 filio
758 929 862 973 hanc
876 928 1071 974 fabricam
1084 928 1192 973 dabo
1205 961 1218 980 ,

262 986 391 1044 Super
399 1004 497 1033 auro
507 1021 520 1040 ,
553 991 763 1052 amicaque
775 996 858 1051 ejus
869 993 1028 1037 inventa
1042 991 1252 1037 Bacchide.

163 1101 170 1108 ⁸
202 1065 274 1090 128·
301 1064 516 1108 CrtficiJCzlum.]
545 1067 685 1111 Qfiin
702 1065 851 1100 cruceseu
926 1079 996 1104 130.
1018 1066 1244 1112 Reprehensus.]
1268 1070 1305 1099 V.‘
1323 1069 1367 1099 N·
1384 1065 1475 1110 Epid.
1497 1077 1526 1098 1.
1541 1078 1570 1098 ι.

162 1111 196 1133 m
206 1113 328 1135 crucem
338 1108 515 1139 iaiienrem.
536 1111 571 1139 T.
887 1113 1056 1152 Infortunia.
1070 1110 1084 1152 ]
1096 1114 1228 1143 Damno
1238 1112 1393 1152 virgarum
1404 1132 1414 1146 ,
1435 1120 1570 1153 quarum

160 1186 180 1220 ί
208 1156 279 1221 ιζ-ἴ.
297 1149 424 1224 ιῗπιαέις
441 1151 505 1192 usus
524 1153 673 1198 venerim]
689 1155 723 1187 si
740 1154 851 1187 utilius
883 1156 918 1187 in
934 1164 1021 1199 tergo
1039 1163 1115 1186 meo
1133 1154 1229 1188 faciet
1245 1155 1412 1196 jasturam.
1443 1155 1571 1186 Boxhor-

179 1198 243 1222 ueri
261 1212 269 1221 .
327 1204 377 1225 am
399 1214 407 1221 .
884 1200 960 1230 nius.

348 1281 593 1329 ACTUS
625 1284 876 1330 TERTII
907 1284 1141 1331 SCENA
1169 1284 1415 1334 PRIMA.

672 1371 1061 1402 LYDUS.

226 1425 295 1524 P
310 1424 463 1472 Audite
473 1441 596 1486 atque
607 1428 754 1489 aperite
766 1431 1116 1489 properexjanuam
1130 1426 1235 1471 hanc
1244 1426 1359 1477 Orci,
1378 1423 1546 1473 obsecro
1557 1447 1572 1475 :-

314 1489 428 1533 Nam
437 1489 628 1549 equidem
640 1489 747 1534 haud
757 1488 867 1534 aliter
880 1488 960 1535 esse
972 1490 1090 1536 duc0.
1106 1491 1256 1551 quippe
1268 1504 1354 1549 quo
1363 1504 1489 1537 nemo
1501 1492 1571 1553 ad->

411 1564 522 1595 vemt
532 1583 546 1602 ,

227 1610 319 1656 Nifi
331 1628 454 1672 quem
468 1612 550 1676 spes
564 1611 756 1675 reliquere
768 1630 929 1667 omnes,
942 1612 1019 1659 esse
1032 1628 1076 1658 ur
1085 1613 1188 1675 frugi
1201 1613 1358 1677 poffiet.

228 1675 457 1727 Bacchides,
470 1693 557 1720 non
566 1676 795 1728 Bacchides,
809 1675 873 1722 sed
886 1676 1050 1722 Bacchae
1061 1674 1148 1722 sunt
1158 1693 1385 1722 acerrumae.

191 1754 214 1795 5
231 1738 372 1798 Apage
387 1738 503 1783 istasa
518 1755 586 1783 me
596 1737 765 1791 sorores,
776 1755 867 1800 quae
883 1739 1105 1785 hominum
1119 1739 1282 1784 sorbent
1292 1739 1539 1801 sanguinem.

227 1799 382 1844 Omnis
395 1802 444 1845 ad
454 1803 673 1861 perniciem
685 1802 874 1846 instrueta
883 1803 1034 1847 domus
1046 1804 1185 1864 opime
1196 1816 1317 1863 atque
1332 1803 1511 1863 opipare.

228 1862 343 1921 Qae
353 1877 396 1907 ur
408 1860 631 1921 aspexi,me
646 1864 847 1909 continuo
862 1865 1013 1909 contuli
1025 1867 1230 1926 protinam
1243 1866 1287 1908 in
1314 1865 1449 1925 pedes.
1611 1918 1614 1921 ¹

227 1924 373 1984 Egone
383 1940 428 1970 ut
442 1927 526 1970 haec
535 1924 723 1971 conclusa
735 1926 885 1986 gestem
899 1926 1155 1972 clanculum?
1188 1940 1232 1971 ut
1244 1925 1371 1970 celem
1386 1941 1541 1988 patrem
1556 1959 1569 1980 ,

227 1986 460 2041 Pistoclere,
471 2003 537 2033 tua
546 1987 707 2048 flagitia,
720 2002 788 2032 aut
802 1990 962 2039 damna,
978 2002 1046 2033 aut
1057 1988 1295 2034 defidiabula
1315 2000 1328 2034 ἒ

167 2064 181 2092 1
193 2065 218 2093 o
232 2049 393 2110 Qibus
406 2066 576 2110 patrem,
593 2055 637 2097 δε
651 2067 718 2095 me
729 2084 741 2102 ,
795 2067 873 2110 que
887 2050 1138 2111 ,amicosque
1147 2066 1293 2096 omnes
1305 2050 1465 2096 affeeffias
1477 2060 1567 2096 t'uos
1600 2080 1608 2083 x

228 2113 298 2154 Ad
312 2113 527 2172 probrum,
540 2114 750 2164 damnum,
793 2113 957 2175 agitium
972 2114 1168 2175 appellere
1178 2130 1258 2157 una
1272 2118 1316 2159 ὃς
1336 2115 1515 2174 perdere.

224 2174 379 2234 Neque
391 2178 488 2227 mei,
500 2192 633 2237 neque
648 2178 705 2230 tui
717 2178 822 2220 intus
836 2177 1022 2236 puditum
1041 2177 1096 2221 est
1106 2176 1216 2221 fastis
1231 2191 1320 2236 quae
1330 2176 1447 2223 facis:

226 2239 389 2303 Qibus
400 2252 518 2293 tuum
528 2253 698 2300 patrem,
716 2254 866 2301 meque
880 2240 984 2291 una,
994 2240 1166 2288 amicos,
1181 2237 1323 2284 affines
1331 2254 1423 2284 tuos
1433 2274 1446 2292 ‚
1546 2287 1561 2314 Α,

1472 2301 1565 2343 Tua

161 2383 194 2408 9·
294 2374 466 2414 Efidiabula.
486 2374 503 2417 ]
528 2376 576 2407 Sic
614 2374 686 2407 Mff.
715 2377 845 2408 Nonius
934 2386 983 2406 το.
1010 2374 1159 2413 ,Adfhfft'as
1174 2373 1339 2419 appeHere.]
1352 2378 1409 2406 Pro
1427 2385 1567 2414 ωξρπγ-

292 2418 457 2451 Marcellus
466 2419 500 2451 in
510 2418 663 2460 ,Affecffare
672 2420 749 2462 legit
757 2420 844 2464 dispo·
888 2418 996 2461 γύξᾴν.
1020 2418 1204 2457 transsatum
1216 2420 1233 2449 a
1251 2419 1320 2451 navi
1324 2428 1437 2462 ,quam
1447 2417 1483 2448 ad
1491 2422 1564 2459 por·-¹

163 2458 287 2500 liubula.
559 2465 560 2469 ’
853 2389 872 2529 l
884 2470 956 2494 tum
972 2470 1074 2494 nautae
1083 2462 1257 2504 appellunt.

1411 2512 1457 2540 14.
1470 2507 1559 2535 Geru-
